4125 5359
1025 841 1171 913 Duum.

361 977 695 1050 ARBITRATION
731 979 800 1051 ΒΥ
834 981 936 1052 ΤΗΕ
970 982 1152 1053 ABBO'PS
1186 981 1247 1052 OF
1284 979 1570 1062 FOUNTAINS,
1607 979 1827 1064 WARDON,

469 1099 574 1186 sno
602 1118 809 1202 eomer,
837 1120 1010 1189 oman
1039 1119 1276 1188 ununnre
1306 1119 1366 1188 os
1400 1117 1499 1186 run
1535 1117 1694 1186 aanor
1729 1118 1829 1187 uuo

471 1252 702 1326 emtum
732 1257 957 1328 OHAPTER
993 1259 1055 1327 OF
1091 1257 1315 1342 curuum,
1348 1257 1404 1326 IN
1440 1257 1475 1328 A
1510 1255 1717 1326 DISPUTE
1752 1257 1828 1326 Bu

471 1389 647 1462 TWEEN
676 1393 777 1464 THE
805 1397 987 1467 ABBO'PS
1016 1398 1078 1466 01⁴¹
1106 1395 1316 1466 MARGAM
1344 1395 1448 1464 AND
1476 1392 1656 1462 nuum

944 1534 1116 1625 [Psnnrcn
1139 1534 1254 1623 MSS]

833 1669 961 1740 wass.
987 1693 1100 1738 arrae
1124 1669 1177 1738 Su.
1205 1668 1365 1738 Juursn's
1389 1670 1478 1752 Dur,
1504 1671 1547 1737 28
1573 1669 1668 1752 Meu,
1694 1669 1788 1738 1208.

838 1829 1362 1876 or-ro-ona—-ruuu,

406 1938 566 2010 Omnibus
585 1944 629 2011 sd
647 1965 728 2031 qnos
746 1968 877 2032 presens
895 1947 1051 2034 seriptum
1070 1945 1251 2034 pervenerit
1267 1995 1274 2010 .
1291 1945 1392 2012 frater
1410 1945 1444 2013 J.
1460 1946 1501 2012 de
1519 1943 1693 2012 Formiana
1708 1995 1716 2010 .
1732 1944 1773 2013 L
1793 1947 1831 2013 de

362 2076 546 2149 Wsnnoun
562 2132 570 2147 .
586 2085 620 2148 et
634 2080 676 2148 R.
692 2082 734 2150 de
748 2082 890 2151 Boxunr
903 2083 983 2150 dieti
996 2081 1129 2152 abbates
1142 2083 1288 2150 salutem.

405 2214 602 2284 Mandatum
621 2218 1099 2290 domini.A.Orsrnar1nrss1s
1119 2225 1152 2288 et
1172 2220 1305 2308 capituli
1325 2220 1485 2309 generalis
1504 2221 1701 2308 suscepimus
1719 2219 1756 2288 in
1775 2221 1831 2289 hee

361 2351 521 2422 verbaz-
828 2349 831 2355 ’

406 2489 522 2559 Frater
532 2492 575 2560 Δ.
588 2492 694 2560 dietus
707 2493 807 2562 abbas
821 2493 993 2562 Orsrnamr
1005 2501 1156 2583 totusque
1171 2499 1346 2563 eonventus
1360 2493 1514 2563 abbatum
1529 2495 1664 2583 eapituli
1674 2496 1830 2582 generatis

360 2626 487 2696 dileetis
505 2630 542 2696 in
561 2628 711 2698 Onnsmo
731 2630 902 2701 abbatibus
920 2634 962 2700 do
981 2632 1465 2701 Fosnsus.d0130me.et
1484 2633 1525 2700 de
1544 2631 1729 2700 Wsanosu
1749 2634 1831 2701 salu·

360 2768 429 2834 tem
444 2815 452 2831 .
468 2770 503 2834 et
515 2767 636 2836 sineere
649 2769 886 2855 plenitudinem
901 2771 1052 2839 mritetis.

405 2902 581 2978 Quorsum
601 2929 665 2992 que
685 2906 823 2976 vertitrn
843 2907 930 2975 inter
950 2908 1084 2975 domum
1105 2908 1146 2974 de
1168 2906 1324 2974 Meroen
1344 2912 1379 2974 at
1398 2907 1531 2974 domum
1553 2906 1594 2974 de
1616 2906 1722 2973 Nure
1743 2907 1830 2976 vobis

361 3042 529 3109 sommissa
547 3047 597 3110 est
617 3044 639 3108 ts
657 3045 799 3130 eapitulo
817 3045 970 3133 genuuli
1016 3045 1185 3132 Rogamus
1205 3067 1283 3131 ergo
1302 3043 1507 3111 ditectionem
1528 3049 1668 3110 vestram
1691 3043 1829 3133 benigne

360 3156 735 3266 manutenens
747 3179 1096 3268 mumpusvobisoum
1110 3181 1151 3248 se
1162 3181 1275 3248 uun
1289 3179 1460 3248 abusibus
1473 3179 1635 3266 aliquibus
1648 3203 1830 3270 eamusque

360 3313 398 3381 in
416 3313 542 3382 Paseha
558 3316 739 3385 terminetis
759 3367 768 3384 .
788 3341 885 3405 super
902 3317 1117 3406 ambiguitate
1136 3319 1252 3407 suipte
1270 3301 1496 3422 tuunsaooionis
1515 3323 1686 3404 utrumque
1707 3327 1831 3406 purtem

361 3451 595 3520 wtifieanus.
612 3458 646 3522 st
659 3456 747 3540 quod
765 3454 890 3523 fautum
909 3455 1009 3523 fuerit
1028 3456 1176 3543 sequenti
1193 3455 1334 3542 eapitulo
1355 3455 1521 3523 nuntietis.
1567 3455 1717 3523 Domnus
1736 3457 1832 3526 abbss

362 3586 553 3657 Rssvaunrs
577 3589 639 3658 hoo
662 3590 754 3659 vebis
775 3593 946 3660 denuntiet
961 3643 970 3660 .
985 3592 1085 3662 abbas
1108 3593 1148 3660 de
1171 3591 1361 3660 muron
1383 3597 1419 3660 et
1436 3591 1535 3660 abbas
1553 3593 1594 3660 de
1614 3593 1828 3662 Ksnmsors.

361 3723 461 3793 abbas
482 3726 522 3794 de
544 3726 766 3796 Cunarum
786 3776 796 3798 .
818 3735 853 3798 et
874 3729 973 3798 abbas
994 3732 1036 3798 de
1057 3729 1210 3799 Guneus
1232 3733 1384 3797 vooentur
1406 3781 1413 3796 .
1435 3735 1469 3797 et
1488 3729 1553 3798 sint
1576 3753 1746 3799 assessores
1767 3753 1832 3802 nou

360 3861 509 3952 judiees.
525 3865 639 3933 valete.

403 3999 520 4089 Hujus
533 4001 636 4090 igitur
649 4005 840 4074 austeritate
854 4007 1002 4073 mandeti
1020 4059 1028 4074 .
1050 4029 1135 4074 enno
1150 4005 1191 4074 ab
1213 4005 1432 4074 ineamatione
1454 4004 1590 4074 Domini
1612 4017 1661 4072 „a
1677 4016 1735 4073 oo*
1751 4018 1837 4074 vm*

361 4135 459 4204 Feria
481 4149 563 4204 mr·-
576 4144 649 4226 post
668 4140 789 4208 festum
809 4142 913 4212 Beate
931 4143 955 4211 J
956 4165 1086 4212 surana
1102 4143 1239 4232 virginis
1257 4149 1325 4210 tam
1345 4141 1491 4230 pastibus
1510 4165 1609 4230 quam
1623 4143 1830 4214 assessoribus

360 4277 441 4360 aput
459 4274 633 4361 grangiam
648 4278 689 4344 de
703 4277 859 4346 Monens
874 4302 937 4368 que
950 4285 1084 4348 rooatm
1098 4279 1265 4347 Onomar)
1279 4281 1315 4347 in
1329 4285 1441 4348 nostra
1454 4281 1614 4368 presencia
1628 4283 1828 4352 eonstitutis.
1944 4287 1949 4300 '

359 4409 447 4478 diota
468 4413 675 4500 querelaque
693 4415 879 4484 vertebatur
898 4418 984 4485 inter
1001 4418 1135 4486 domum
1154 4419 1195 4485 de
1213 4417 1368 4486 maon
1387 4422 1421 4486 et
1440 4419 1572 4486 domum
1592 4421 1633 4488 da
1652 4418 1759 4488 Nm
1774 4472 1783 4488 .
1798 4425 1830 4489 et

359 4569 470 4616 omnes
489 4547 552 4617 atis
573 4551 701 4637 querele
720 4556 799 4619 tuno
819 4557 853 4620 ot
871 4559 948 4622 ante
967 4555 1055 4623 diem
1073 4555 1167 4622 illum
1189 4561 1275 4623 mete
1297 4553 1356 4624 sub
1372 4555 1433 4624 hae
1448 4557 1536 4644 peois
1550 4557 1656 4626 forma
1670 4559 1830 4628 amioabili

359 4685 590 4773 eompesitione
604 4689 805 4775 quieverunt.
