4125 5359
417 540 461 605 34

376 852 593 923 saoerdotibus
613 856 711 939 atque
732 848 915 920 doctoribus
934 848 1084 919 omnibus
1102 853 1197 918 terrae
1218 848 1413 938 primoribus
1434 872 1472 917 ao
1493 850 1702 939 magnatibus
1722 855 1756 919 ot
1771 874 1847 919 oon·

376 991 504 1058 firmata
517 987 748 1056 honorabiliter
761 986 850 1055 illius
869 988 1063 1055 oonseoratio
1082 1011 1103 1053 a
1118 1010 1244 1055 summo
1261 988 1497 1076 arehiepisoopo
1516 987 1648 1056 Oru1s1¹
1673 993 1707 1056 et
1720 988 1761 1057 ab
1774 989 1848 1057 aliis

377 1126 527 1195 Anonrm
549 1126 697 1215 plurimis
719 1124 873 1213 episeopis
894 1125 1054 1212 oanonioe¹
1068 1130 1288 1193 eonsummata
1313 1131 1370 1193 est.
1415 1124 1485 1193 Sub
1510 1126 1605 1214 eujus
1627 1148 1728 1193 manu
1749 1130 1847 1213 atquo

377 1286 491 1332 norma
504 1264 573 1351 ipse
588 1285 719 1331 suorum
732 1284 821 1329 more
834 1284 1051 1350 prooessorum
1071 1261 1238 1349 episeopus
1259 1261 1367 1329 extitit
1389 1264 1537 1349 presente
1557 1262 1688 1329 domino
1709 1261 1847 1350 glorioso

376 1400 656 1469 marmoren
675 1398 789 1467 besilio
806 1398 1006 1467 Emwsuno
1026 1398 1212 1486 onustisque
1231 1396 1437 1485 pontifiorbos
1456 1402 1490 1465 et
1508 1396 1689 1479 abbatibus,
1703 1421 1762 1466 neo
1779 1420 1847 1467 non

377 1538 652 1607 aruhidiaoonibus
667 1560 740 1605 oum
755 1536 904 1605 omnibus
918 1536 1058 1605 eoolesiae
1072 1534 1240 1604 ordimbus
1253 1542 1350 1623 atque
1365 1534 1563 1624 sapientibus
1581 1535 1642 1602 hoo
1657 1538 1767 1602 rabam
1779 1558 1848 1603 esse

376 1676 511 1745 firmiter
535 1700 572 1744 ao
598 1675 755 1744 stabiliter
780 1674 1044 1763 adjudicantibus
1071 1674 1255 1761 pariterque
1283 1672 1546 1741 benedioentrbus
1573 1673 1610 1740 in
1636 1673 1695 1740 illa
1722 1673 1847 1741 famosa

377 1816 500 1902 synodo
522 1836 585 1901 que
609 1812 804 1881 Lunnorrm
823 1812 911 1880 iaota
929 1816 979 1879 ast
998 1810 1035 1879 in
1053 1810 1255 1879 hebdomada
1275 1810 1478 1879 Penteoostes
1491 1834 1578 1879 anno
1598 1832 1636 1878 sn
1651 1820 1717 1879 Lm
1730 1822 1789 1879 11⁴²
1803 1811 1846 1879 ab

375 1951 595 2019 incarnatione
616 1950 753 2017 Domini
777 1949 891 2054 nostri.
904 1948 986 2017 Jesu
1011 1946 1143 2030 (lbi-isti,
1166 1947 1203 2016 in
1227 1970 1292 2037 quo
1313 1949 1463 2036 deinoeps
1483 1950 1630 2017 omnium
1651 1951 1845 2039 sapientium

374 2087 508 2157 oonsilio
520 2087 708 2175 hujusmodi
723 2087 887 2153 deor-etum
900 2085 1063 2173 prolatum
1076 2090 1175 2173 atque
1189 2086 1423 2154 oonsolidatum
1441 2090 1501 2167 est,
1516 2090 1555 2153 ut
1574 2086 1603 2153 si
1621 2087 1697 2173 quis
1713 2112 1771 2156 rex
1792 2088 1845 2157 vel

374 2226 443 2293 dux
468 2228 526 2292 ant
549 2230 676 2311 satrapa
699 2224 765 2291 sive
791 2224 938 2311 prinoeps
960 2222 1013 2290 vel
1039 2222 1222 2309 quicunqne
1244 2228 1415 2310 prepotens
1437 2222 1513 2291 huie
1533 2225 1680 2312 pontifloi
1699 2225 1752 2292 vel
1772 2224 1845 2313 ejus

374 2360 604 2430 suooessoribus
623 2364 681 2429 aut
700 2361 770 2428 looo
790 2360 842 2427 oui
862 2382 995 2449 proeesse
1015 2364 1048 2427 et
1067 2362 1214 2447 prodesse
1236 2360 1351 2427 missus
1370 2364 1419 2427 est
1436 2363 1647 2429 suoourrendo
1663 2384 1701 2429 ao
1713 2360 1844 2429 besem

374 2499 487 2567 oiendo
506 2498 567 2567 hoo
586 2502 717 2587 paetum
736 2497 997 2564 benedietionum
1017 2495 1231 2565 observaverit
1251 2502 1285 2565 et
1301 2498 1534 2585 adimpleverit,
1549 2521 1678 2586 oorpore
1695 2499 1792 2567 simul
1810 2503 1845 2567 et

372 2636 489 2724 spiritu
513 2640 716 2703 oonservetur
740 2636 775 2701 in
800 2658 878 2722 pase
903 2638 937 2701 et
958 2634 1066 2721 quiete
1091 2638 1274 2702 serstorum
1299 2635 1445 2703 omnium
1466 2635 1503 2703 in
1529 2636 1635 2735 saonis
1655 2637 1843 2704 seouloram.

372 2774 491 2842 Amen

881 2858 979 2945 (Reos
993 2858 1075 2925 IaL.
1091 2882 1145 2947 pp.
1161 2860 1238 2941 254,
1253 2861 1342 2942 535.)

755 3018 792 3076 (1)
814 3016 903 3077 musy,
913 3004 1070 3076 Arebbisbop
1080 3016 1107 3063 ol
1123 3016 1200 3064 York
1230 3012 1262 3075 ›1‹
1279 3018 1307 3062 22
1319 3014 1384 3076 Deo,
1397 3017 1461 3063 1060.

1023 3300 1195 3369 DXLIII.

459 3462 623 3533 GRAN'P
652 3462 719 3531 BY
748 3462 771 3529 J
773 3462 928 3531 DSTYN
960 3462 1023 3530 ΑΡ
1054 3460 1276 3543 GWRDAN,
1307 3460 1366 3529 ΤΟ
1397 3462 1668 3545 LIANDAFF,
1698 3462 1758 3531 OF

645 3598 745 3667 THE
774 3598 890 3665 VILL
920 3598 979 3665 OF
1010 3598 1175 3672 MILUO.
1206 3598 1271 3665 ΟΝ
1300 3596 1400 3665 THE
1429 3597 1569 3667 ELIlY.

730 3762 879 3852 [Omnes
895 3760 990 3829 MSS.
1037 3762 1226 3829 erumus
1241 3760 1324 3829 CX„
1341 3762 1365 3829 f.
1381 3763 1425 3828 86
1438 3760 1489 3851 b.]

1496 3910 1583 3979 Posr
1596 3912 1685 3981 ab.
1704 3914 1797 3980 1043.

980 3998 1093 4064 Vinus
1115 3997 1241 4066 Murro.

419 4140 581 4209 Grsmuos
596 4138 681 4205 lilius
692 4135 856 4204 sereser
871 4134 959 4201 misit
973 4136 1134 4202 familiam
1148 4158 1239 4203 suam
1253 4138 1296 4203 od
1310 4136 1523 4203 Lasosvrssr
1537 4136 1684 4203 inflatam
1697 4136 1843 4225 maligno

376 4276 501 4365 spiritu,
517 4276 557 4342 ds
573 4274 666 4362 eujus
680 4274 814 4361 oollsgio
835 4272 968 4359 quidum
987 4296 1137 4359 nequam,
1160 4274 1290 4339 nomine
1312 4270 1503 4339 Tonsosar
1516 4272 1690 4339 eomitante
1702 4272 1797 4339 illum
1810 4276 1845 4341 et

375 4414 512 4502 produoe
527 4412 666 4499 quodam
679 4410 799 4499 juvene
812 4416 929 4497 nepote
945 4408 1066 4477 Germ
1078 4410 1245 4477 Euenos
1257 4412 1388 4479 nomine
1402 4416 1436 4479 et
1449 4410 1626 4500 instigante
1640 4410 1712 4477 illos
1726 4410 1842 4497 spiritu

374 4548 519 4617 libidinis
533 4549 633 4616 oblito
648 4548 740 4635 signo
756 4554 873 4614 sanetas
889 4546 989 4614 trusis
1005 4552 1039 4614 et
1053 4548 1172 4614 violato
1186 4548 1314 4635 refugio
1325 4546 1385 4615 sub
1396 4548 1475 4615 asilo
1486 4552 1668 4615 sanotorum
1677 4546 1843 4615 Dosaron

375 4686 524 4755 Tsnmur
553 4690 586 4752 et
615 4684 766 4753 Ounocm
797 4688 831 4751 et
860 4684 1075 4751 Hunnorum
1099 4684 1237 4772 episeopi
1261 4690 1440 4772 rapuenmt
1462 4684 1624 4773 virginem
1645 4687 1687 4753 de
1709 4684 1770 4753 sub
1790 4686 1844 4753 ala
