4125 5359
1621 566 1664 633 79

280 877 295 952 ἓ
316 874 403 943 Item
418 875 588 965 burgensis
601 878 792 963 paupertate
805 876 989 964 oompulsus
998 874 1197 964 burgagium
1211 897 1307 945 suum
1319 879 1459 945 vendere
1472 878 1525 947 vel
1537 878 1705 946 invadiare

232 1014 338 1102 primo
352 1012 447 1083 debet
461 1012 630 1081 eonvenire
644 1012 795 1083 heiedem
809 1037 905 1083 nuum
919 1015 1059 1083 seeundo
1072 1018 1105 1081 et
1120 1016 1217 1083 tertio
1230 1018 1264 1082 et
1278 1014 1383 1083 disere
1402 1015 1433 1083 ei
1452 1016 1540 1103 quod
1558 1015 1704 1082 inveniet

233 1150 296 1217 sibi
310 1152 494 1219 neeessarie.
540 1150 576 1219 si
591 1155 701 1219 eutem
715 1152 855 1220 nolueuit
870 1152 912 1219 de
925 1151 1086 1240 burgagio
1100 1176 1158 1219 suo
1172 1154 1375 1221 volumtatem
1388 1176 1481 1221 suom
1495 1154 1601 1221 feoiet.

278 1286 293 1365 ἓ
315 1288 402 1357 Item
424 1289 536 1357 nullus
559 1288 658 1357 libere
682 1295 796 1358 tenens
815 1293 857 1359 de
876 1292 978 1361 altero
997 1292 1142 1359 dominio
1160 1292 1189 1361 si
1207 1292 1405 1381 burgagium
1427 1291 1577 1360 hnbuexit
1599 1297 1705 1380 petest

233 1427 344 1495 nemis
357 1428 497 1495 tenentis
511 1428 562 1497 sui
575 1429 611 1497 in
625 1428 730 1517 burge
744 1432 837 1499 extm
850 1430 993 1520 burgum
1006 1432 1123 1499 duoere
1137 1431 1189 1499 vel
1202 1435 1339 1519 porteto.

277 1564 293 1641 ξ
314 1564 401 1633 Item
431 1566 567 1653 quilibet
594 1566 765 1655 burgensis
793 1572 899 1655 potest
928 1568 1071 1637 breuiore
1097 1574 1131 1635 et
1156 1569 1300 1637 isuninre
1324 1569 1395 1637 sine
1418 1568 1553 1636 lioenoie
1577 1572 1611 1635 et
1635 1570 1704 1637 sine

233 1703 356 1771 tolneto
371 1710 404 1771 et
419 1704 658 1773 eonsuetudine.

276 1840 291 1919 ἓ
313 1841 360 1908 Et
384 1846 490 1930 potest
515 1842 619 1911 fuoere
644 1843 776 1911 tonellos
800 1842 1011 1911 oolumbenios
1039 1849 1073 1911 et
1097 1842 1321 1911 molendinum
1345 1842 1501 1929 equinum
1529 1845 1564 1911 et
1588 1864 1703 1911 munu-

232 1977 464 2045 molendinum.

275 2114 290 2191 ἓ
312 2114 409 2183 Etsi
432 2116 601 2205 burgensis
626 2120 840 2187 summonitus
868 2094 968 2187 tuerit
997 2120 1040 2187 ed
1067 2118 1275 2186 hundredum
1296 2122 1330 2185 et
1350 2118 1511 2206 perexerit
1535 2120 1578 2186 od
1607 2140 1703 2185 suum

231 2256 402 2344 negooium
423 2261 515 2323 extre
536 2257 648 2324 villam
668 2258 720 2325 vel
739 2257 840 2326 fuerit
858 2264 965 2345 presto
985 2258 1131 2325 resedere
1150 2256 1198 2323 ite
1218 2257 1305 2343 quod
1327 2255 1446 2323 hebeet
1465 2278 1569 2323 unum
1589 2258 1704 2344 pedem

230 2392 266 2460 in
281 2397 387 2481 strepo
401 2400 434 2460 et
449 2395 525 2462 inde
539 2394 688 2463 hebuerit
704 2397 785 2464 dnos
798 2396 919 2463 visinos
935 2399 1033 2463 testes
1048 2394 1176 2481 quietus
1190 2394 1260 2461 erit

274 2530 289 2609 ἕ
311 2530 398 2599 Item
421 2532 541 2601 milites
565 2538 598 2601 et
621 2532 720 2602 libere
743 2538 890 2603 tenentes
908 2534 944 2601 in
965 2532 1134 2601 hundredo
1154 2531 1256 2619 quieti
1274 2536 1352 2599 sunt
1371 2532 1408 2599 in
1427 2532 1500 2601 foro
1520 2533 1561 2599 de
1580 2533 1704 2600 tolneto

231 2668 271 2735 de
293 2669 535 2768 vendicionibus
557 2670 707 2739 omnibus
727 2674 761 2740 et
783 2670 1002 2759 empoionibus
1023 2670 1090 2737 suis
1111 2670 1154 2737 ed
1176 2692 1257 2757 opus
1276 2691 1372 2737 suum
1389 2670 1481 2737 festis
1502 2670 1566 2737 nisi
1581 2670 1705 2737 fuerint

231 2811 429 2875 mereatores.
921 2898 925 2907 ⁸

274 2944 289 3021 §
310 2943 398 3012 Item
412 2946 563 3013 dominus
577 2948 742 3035 episeopus
756 2946 884 3033 quietus
904 2946 966 3013 erit
985 2947 1026 3014 de
1046 2946 1208 3014 dominioe
1224 2966 1336 3012 mensu
1352 2966 1411 3011 sim
1425 2948 1474 3011 set
1488 2943 1634 3010 homines
1652 2943 1705 3010 sui

230 3081 311 3148 dent
325 3084 599 3153 eonsuetudinem.

273 3220 289 3295 ς
310 3218 397 3287 Item
421 3219 598 3308 Templeiii
621 3220 841 3309 Hospituleiii
864 3226 898 3289 et
920 3220 1072 3289 moneohi
1094 3221 1175 3287 dont
1197 3218 1462 3287 eonsuetudinem
1481 3220 1544 3286 nisi
1563 3218 1706 3287 habeant
1793 3222 1798 3234 ’

229 3361 350 3424 eertum
365 3358 488 3425 domini
503 3358 693 3429 Wmunnm
709 3364 741 3426 et
756 3360 881 3427 domini
896 3359 1052 3426 Renum
1067 3360 1231 3426 uomitum.

272 3494 287 3571 ἓ
308 3494 396 3563 Item
411 3502 518 3563 ourete
526 3496 683 3565 honerate
696 3496 793 3565 bledo
808 3497 861 3564 vel
876 3496 954 3584 piris
965 3496 1058 3565 debit
1072 3495 1346 3567 eonsuetudinem.
1393 3494 1534 3582 Emptor
1547 3494 1639 3562 debit
1652 3495 1701 3583 jd.

230 3632 346 3701 camo
360 3634 479 3701 soilioet
494 3656 598 3702 unum
613 3634 752 3703 obolum.
1398 3645 1406 3659 '

271 3770 286 3849 ἓ
309 3770 424 3839 careo
438 3772 593 3839 honerate
607 3774 741 3841 diversis
754 3772 986 3840 mnnehundisis
996 3770 1045 3859 jd.
1092 3769 1288 3859 Stellogium
1303 3768 1422 3836 soilioet
1431 3768 1458 3855 j.
1474 3770 1698 3856 quadrantem.

271 3909 286 3986 ἕ
308 3908 424 3998 Equus
437 3909 611 3979 honerntns
624 3910 651 3999 J'.
667 3912 889 3998 quadrantem

269 4050 284 4125 s?
307 4047 467 4118 Venditor
489 4050 567 4117 ferri
586 4072 646 4139 pro
667 4049 787 4117 honere
808 4048 884 4136 equi
902 4047 927 4137 j.
950 4048 1177 4135 qusdmntem
1221 4045 1383 4115 Venditor
1400 4044 1478 4113 feni
1496 4044 1554 4131 qui
1575 4046 1700 4113 terrum

225 4186 402 4279 pontsverit
416 4188 441 4275 j.
458 4188 681 4275 quadrantem.

269 4326 284 4402 t
306 4324 371 4393 Pro
385 4324 529 4393 beohone
542 4326 568 4414 j.
584 4327 807 4414 quadrantem.

268 4464 284 4534 i
306 4462 371 4531 Pro
387 4486 418 4529 v.
434 4466 538 4552 porois
550 4464 599 4553 jd.
644 4464 692 4533 ut
705 4486 764 4553 pm
778 4486 811 4532 v,
827 4462 940 4532 ovibus
953 4462 1001 4551 jd.
1047 4460 1095 4529 Et
1108 4482 1167 4549 pm
1182 4482 1214 4526 v.
1231 4460 1325 4544 ognis
1338 4458 1387 4546 jd.

268 4600 284 4678 S
306 4600 394 4669 Item
414 4600 639 4671 mumhundise
657 4603 759 4671 trium
776 4602 984 4670 denariorum
1003 4605 1038 4668 et
1056 4599 1143 4667 infin
1161 4598 1273 4685 quiete
1291 4603 1340 4664 est
1358 4598 1401 4665 de
1420 4597 1555 4665 tolneto.
1599 4594 1647 4662 Et
1669 4598 1697 4663 si

223 4738 324 4806 iussit
338 4738 403 4826 mej
407 4739 470 4806 ozie
483 4740 583 4829 preoii
597 4762 696 4827 quum
711 4740 812 4809 trium
825 4738 1032 4807 denariorum
1046 4736 1138 4805 debit
1152 4734 1426 4803 eonsuetudinem.
