4125 5359
427 456 491 523 116

381 791 539 839 sessorum
550 791 695 837 meorum
709 770 745 837 in
758 773 948 860 perpetuam
959 768 1166 837 elemosinam
1176 768 1347 837 annuetim
1357 818 1365 835 .
1376 790 1433 835 xx.
1450 769 1568 839 solidos
1577 794 1659 859 qnos
1673 774 1713 840 de
1723 773 1853 841 redditu

246 968 249 975 .
380 906 558 975 molendini
580 907 646 974 mei
670 910 711 976 de
730 906 836 977 Mons
859 908 929 979 sine
952 907 1041 977 omni
1064 906 1271 977 infestetione
1292 906 1452 993 eooipient
1475 956 1484 974 .
1509 906 1776 997 andoounque
1797 932 1854 979 eos

379 1042 549 1111 misissem
563 1066 625 1132 ego
639 1046 692 1113 vel
705 1044 797 1115 heres
810 1066 902 1115 meus
915 1046 957 1115 de
970 1046 1102 1133 redditi
1112 1046 1176 1113 elio
1189 1044 1247 1133 qui
1260 1045 1368 1113 velent
1389 1096 1398 1112 .
1422 1067 1480 1113 xx.
1495 1046 1615 1115 solidos
1624 1070 1683 1137 per
1695 1069 1818 1115 ennum
1840 1098 1850 1113 .

380 1180 421 1247 de
435 1180 565 1247 redditu
579 1180 757 1248 molendini
771 1181 908 1251 sdterius
920 1180 1021 1249 niohil
1036 1182 1203 1269 eooipient
1256 1179 1407 1249 Testibne
1421 1232 1430 1247 .
1445 1180 1469 1250 J
1470 1204 1613 1249 omnen
1627 1184 1669 1251 de
1682 1182 1818 1251 Surum
1841 1232 1850 1251 .

377 1315 520 1389 Boonro
549 1321 590 1389 de
618 1317 754 1387 senem
776 1369 786 1389 .
810 1320 994 1389 messere
1019 1322 1061 1389 de
1089 1320 1227 1388 sverm
1249 1370 1257 1387 .
1282 1318 1384 1387 Issso
1412 1320 1524 1388 elerioo
1546 1371 1555 1387 .
1579 1320 1756 1390 Wenrrro
1783 1321 1852 1391 filio

376 1454 548 1523 Srnusnm
564 1505 572 1523 .
588 1454 803 1523 Bssnnwmo
825 1456 893 1525 tilio
918 1455 1109 1529 Wrmrmn
1132 1456 1295 1525 Pinnem
1311 1505 1320 1524 .
1337 1454 1521 1523 Rooenm
1546 1456 1615 1525 fllio
1641 1456 1816 1525 Gsorrrm
1839 1508 1849 1527 .

377 1588 562 1663 Βουιικιιτο
576 1593 618 1660 de
633 1590 775 1663 consen
792 1644 799 1659 .
816 1594 923 1661 Annn
939 1594 1006 1663 filio
1022 1593 1202 1699 Mensem
1218 1646 1226 1661 .
1243 1598 1276 1663 et
1290 1593 1363 1662 eliis
1377 1593 1500 1663 moltis.

420 1728 643 1799 Endorsed-‘
653 1730 727 1799 Ado
742 1732 784 1799 de
798 1730 948 1801 Sumen?

420 1866 495 1935 Seel
509 1890 545 1935 as
558 1868 595 1935 in
610 1869 662 1949 75,
680 1868 720 1935 D.
737 1868 768 1935 7.

419 2002 504 2073 Fine
517 2004 719 2073 ornamentel
733 1968 970 2095 hondwritingi

990 2238 1228 2309 Doxxvm.

373 2390 738 2463 CONFIRMATION
782 2390 850 2458 ΒΥ
893 2387 1035 2457 ADAM
1078 2388 1144 2456 DE
1182 2388 1377 2472 SUMERI,
1417 2390 1608 2475 JUNIOR,
1649 2392 1740 2462 SON
1780 2394 1841 2462 01⁴*

483 2528 643 2597 ROGER
680 2527 745 2596 DE
783 2526 978 2609 SUMERI,
1016 2527 1077 2595 OF
1113 2526 1196 2594 Hls
1233 2526 1362 2597 WIFE
1399 2528 1670 2599 mnnsm’s
1705 2529 1840 2600 oms

349 2648 350 2651 ‘
482 2665 540 2733 so
578 2663 786 2733 merom
823 2663 997 2733 Aeser.

838 2801 969 2892 [Here.
994 2801 1134 2870 Omen:
1159 2804 1201 2870 75
1224 2802 1268 2871 D.
1292 2803 1363 2893 10.]
1571 2808 1797 2875 1185-1191.

414 2942 584 3011 Universis
605 2940 722 3009 Ssnete
755 2940 873 3008 Matris
894 2939 1037 3008 Eoolesie
1061 2940 1137 3008 tiliis
1160 2941 1203 3008 ed
1227 2964 1308 3028 quos
1332 2965 1462 3031 presens
1484 2943 1639 3031 seriptim
1661 2944 1841 3033 pervenerit

371 3080 479 3149 Anser
494 3081 579 3148 fliius
594 3080 730 3147 Roonm
745 3080 786 3145 de
801 3075 937 3144 senem
954 3126 961 3142 .
978 3077 1126 3144 salutem.

414 3219 541 3287 Notum
568 3218 705 3285 sedimus
730 3214 933 3287 universitati
960 3219 1065 3283 vestre
1095 3237 1154 3283 nos
1183 3216 1354 3284 oonoessise
1382 3219 1417 3283 et
1444 3217 1586 3304 presenti
1613 3218 1709 3285 inerte
1734 3224 1843 3287 nostre

371 3358 573 3427 oonfirmsese
587 3354 718 3422 oonsilio
732 3358 766 3421 et
780 3375 934 3421 oonsensu
957 3352 1134 3421 emieornm
1152 3357 1335 3423 nostrerum
1353 3356 1423 3423 tem
1437 3355 1683 3423 oonventionem
1696 3356 1738 3423 de
1751 3361 1843 3443 preto

369 3498 478 3562 nostro
500 3494 588 3581 opud
608 3468 764 3559 Senetum
784 3490 996 3561 Nrcnonnonr
1020 3512 1119 3578 quem
1141 3490 1349 3559 donationem
1373 3514 1473 3579 quem
1495 3492 1671 3560 Murem
1694 3492 1838 3581 oonjnnx

370 3653 443 3699 mee
456 3635 490 3698 et
503 3652 619 3718 sponse
632 3628 710 3696 feeit
723 3627 888 3695 moneehis
902 3631 935 3694 et
949 3628 1061 3695 domui
1074 3628 1115 3695 de
1128 3626 1285 3695 meam
1299 3650 1358 3716 pro
1371 3633 1481 3697 nostro
1496 3630 1660 3697 oommnni
1673 3634 1840 3700 oommodo

370 3770 406 3838 in
425 3770 526 3857 protis
544 3771 578 3836 et
593 3767 630 3835 in
644 3766 737 3833 terris
751 3770 785 3833 et
798 3764 833 3832 in
848 3762 997 3833 omnibus
1010 3761 1106 3833 rebus
1119 3786 1177 3852 per
1190 3765 1300 3833 omnir
1313 3766 1397 3834 siout
1410 3740 1612 3855 oyrogrsphe
1634 3818 1642 3833 .
1665 3768 1718 3835 rel
1738 3768 1841 3836 kartes

371 3908 473 3997 ipsius
487 3912 566 3994 que
580 3904 729 3973 moneehi
743 3902 865 3971 hebent
879 3906 1048 3971 testantem.
1093 3900 1142 3969 Et
1155 3902 1310 3990 qnoniam
1328 3924 1387 3990 pro
1401 3904 1566 3973 oommnni
1578 3904 1722 3973 utiliore
1734 3910 1844 3974 nostre

370 4050 404 4115 et
418 4044 584 4113 oommodo
605 4046 674 4109 tem
695 4040 873 4110 invadiatio
894 4042 979 4129 preti
1001 4040 1089 4109 teste
1109 4046 1158 4109 est
1180 4090 1189 4109 .
1212 4064 1311 4129 quem
1333 4042 1498 4113 eoilemnis
1516 4038 1651 4115 donetio
1671 4096 1680 4113 .
1702 4046 1844 4134 presenti

369 4183 487 4270 soripto
510 4184 625 4249 notum
645 4179 782 4246 feeimus
802 4178 960 4246 universis
986 4229 994 4245 .
1020 4180 1108 4265 quod
1133 4184 1266 4266 gratum
1286 4178 1443 4248 hebemus
1464 4186 1499 4249 et
1520 4183 1654 4250 omnino
1675 4188 1784 4251 retum
1808 4188 1843 4252 et

367 4322 498 4391 firmum
518 4318 673 4408 quioquid
700 4316 844 4405 prediote
865 4315 1010 4403 oonjunx
1035 4320 1146 4384 nostre
1168 4314 1344 4385 numer
1364 4316 1401 4385 in
1423 4316 1485 4387 hoo
1505 4317 1584 4389 feeit
1607 4320 1740 4408 negotio
1764 4342 1840 4389 oum

367 4462 533 4533 moneehis
547 4458 716 4547 sepediotie
743 4508 751 4525 .
778 4461 812 4525 et
826 4456 943 4545 seripto
958 4478 1016 4525 sue
1030 4458 1241 4547 eonsignsvit
1287 4458 1335 4526 Et
1347 4456 1391 4527 ed
1405 4457 1466 4527 hoo
1486 4456 1618 4544 insuper
1637 4458 1721 4525 duos
1740 4480 1843 4528 ennos

367 4600 451 4668 eddo
468 4650 475 4666 .
492 4602 531 4667 ut
551 4594 701 4665 moneehi
721 4598 816 4683 prote
836 4592 978 4665 habeant
998 4594 1166 4663 invedirte
1186 4593 1249 4663 sibi
1264 4596 1352 4663 ultre
1372 4594 1549 4665 “minum
1573 4594 1665 4682 prius
1685 4594 1841 4683 seriptum
