4125 5359
395 614 439 682 48

350 928 510 997 venientis
529 928 638 1015 gentis
657 925 885 995 Nummos.
932 926 1065 1015 Semper
1086 932 1197 994 tamen
1217 906 1360 1017 religiosi
1374 926 1437 994 viri
1454 928 1496 995 ed
1513 927 1717 996 serviendum
1736 929 1772 997 in
1785 954 1824 997 ea

350 1067 514 1149 heserunt,
543 1072 615 1133 turn
648 1068 778 1153 propter
805 1062 1005 1131 Anouonuu
1033 1062 1162 1146 simnia,
1193 1087 1213 1131 e
1241 1064 1359 1151 quibus
1388 1065 1425 1131 iu
1454 1065 1664 1134 eeolesiastieo
1692 1067 1823 1153 quidem

349 1204 529 1272 ministerio
538 1204 640 1270 mahil
654 1201 887 1289 discrepabant,
899 1202 977 1288 quia
987 1203 1075 1288 apud
1085 1203 1214 1269 eosdem
1227 1202 1359 1269 fuerant
1371 1205 1442 1269 tam
1455 1202 1573 1269 nutriti
1583 1224 1681 1289 quam
1694 1203 1823 1285 eruditi,

350 1346 423 1409 tum
437 1342 536 1409 etiam
551 1342 638 1428 quod
653 1340 694 1409 ab
709 1339 851 1426 antiquis
865 1337 1072 1425 temporibus,
1096 1338 1132 1405 id
1146 1342 1195 1406 est
1208 1362 1228 1405 a
1241 1341 1386 1426 tempore
1407 1338 1608 1406 Ennmau
1632 1362 1716 1427 pape
1740 1341 1824 1409 sedis

350 1476 511 1545 Mursa
536 1476 702 1563 episeopus
727 1476 815 1542 illius
839 1474 910 1555 looi,
942 1479 976 1540 et
1005 1478 1079 1560 post
1106 1474 1284 1541 adventum
1314 1473 1511 1543 Aooosamr
1536 1474 1573 1541 in
1597 1474 1824 1544 Bemmari

349 1615 491 1682 insulam
516 1613 800 1682 Doaoannunusrs
825 1611 954 1679 eoelesie
977 1611 1225 1698 metropolitano
1246 1610 1394 1699 ejusdem
1415 1611 1651 1699 arehiepisoopo
1672 1613 1771 1682 simul
1791 1619 1824 1682 et

347 1752 419 1840 regi
432 1750 632 1820 Menenius
647 1772 772 1837 semper
785 1749 893 1817 iuerat
906 1748 1055 1815 subditus
1068 1752 1102 1816 et
1115 1770 1173 1835 per
1187 1748 1296 1815 omnia
1310 1748 1471 1817 obediens.
1516 1748 1702 1818 Novissime
1715 1756 1825 1819 autem

349 1892 546 1963 Wmnauo
580 1890 672 1978 Rege
701 1892 868 1977 regnante,
898 1888 1042 1954 maxima
1072 1886 1150 1955 oleri
1179 1891 1271 1975 parte
1301 1887 1372 1976 jam
1402 1888 1540 1955 deleta.
1563 1909 1682 1957 rumis.
1714 1893 1824 1957 tamen

349 2027 510 2095 oanoniois
529 2027 660 2095 eoelesia
680 2026 789 2093 iuerat
809 2024 945 2092 munita.
991 2022 1140 2098 Quorum
1161 2024 1197 2091 in
1222 2025 1363 2111 presenti
1383 2025 1468 2092 uuili
1490 2030 1597 2113 preter
1619 2026 1701 2093 duos
1724 2026 1761 2094 in
1785 2050 1824 2094 ea

348 2168 516 2233 remanent
534 2167 567 2231 et
588 2164 624 2229 in
644 2161 789 2230 dominio
803 2162 931 2229 eoelesie
946 2166 1085 2249 quatuor
1098 2182 1237 2229 oarruoae
1249 2166 1285 2228 et
1297 2167 1437 2249 quatuor
1451 2161 1553 2242 librae,
1568 2184 1629 2230 neo
1641 2168 1773 2231 tantum
1785 2163 1821 2232 in

348 2300 517 2369 territoriis
540 2299 656 2367 ablatis
681 2323 768 2367 nuno
795 2300 924 2367 ecelesia
945 2299 1089 2366 desolata
1111 2303 1145 2366 et
1166 2298 1353 2386 despoliata,
1376 2322 1490 2367 verum
1512 2300 1611 2368 etiam
1633 2299 1670 2366 in
1691 2300 1823 2368 daoimis

348 2438 464 2507 ablatis
493 2437 555 2505 sibi
584 2443 618 2505 et
646 2436 796 2506 omnibus
821 2436 941 2505 eleriois
966 2434 1067 2503 totius
1091 2435 1291 2523 episoopatus
1313 2440 1383 2503 tam
1407 2436 1514 2503 leioali
1539 2440 1697 2523 potestate
1724 2459 1821 2525 quam

347 2574 593 2643 monarchorum
606 2575 781 2656 invasione,
797 2595 895 2660 quam
909 2574 1008 2642 etiam
1022 2574 1162 2642 hamum
1174 2578 1358 2643 nostrorum
1374 2575 1594 2663 episeopomm
1613 2574 1822 2644 Hnnroaora

348 2714 497 2781 videlieet
511 2719 545 2780 et
558 2712 669 2779 Sanoti
688 2711 783 2779 Dum
798 2711 996 2778 territorium
1011 2711 1108 2778 simul
1129 2714 1163 2778 et
1183 2710 1342 2799 pmoehioe
1364 2712 1482 2801 grandi
1504 2712 1680 2781 invasione.
1724 2712 1822 2781 Nune

203 2934 206 2937 Ι
347 2874 458 2939 preoor
471 2873 528 2919 vos
542 2857 580 2919 ut
600 2856 726 2940 patrem
740 2850 830 2916 velut
851 2849 983 2917 inarmis
1003 2853 1166 2916 armatum
1186 2854 1221 2917 et
1240 2848 1358 2917 debilia
1377 2848 1496 2917 fortem
1517 2850 1673 2937 quatinus
1693 2851 1821 2919 eeolesie

348 2994 466 3056 nostrae
489 2987 579 3056 vobis
598 2988 773 3055 oommissee
789 2988 988 3069 suoeunatis,
1003 2992 1044 3054 ut
1064 2987 1121 3075 qui
1135 3010 1192 3056 vos
1213 2987 1301 3070 ieeit,
1315 2989 1384 3075 ipse
1398 3012 1454 3056 voa
1467 2993 1680 3057 manuteneat
1697 2994 1732 3058 et
1750 2994 1823 3078 post

349 3124 468 3193 laboris
481 3125 657 3193 terminum
671 3126 826 3212 perducat
840 3147 897 3191 vos
911 3126 954 3193 ad
967 3124 1131 3211 perhenne
1145 3126 1306 3193 solatium.
1350 3125 1469 3193 Arnen.

865 3261 963 3348 (Rees
976 3260 1061 3329 ΜΛ.
1076 3284 1131 3349 pp.
1149 3264 1202 3343 83,
1218 3264 1307 3350 555.)

895 3400 933 3459 (ι)
949 3398 1003 3447 uus
1018 3398 1089 3447 soor
1105 3400 1133 3447 oa
1147 3398 1273 3448 sersus.

1022 3595 1150 3666 DLVI.

352 3720 584 3803 wihmunt,
607 3720 812 3789 AROHBP.
837 3720 897 3788 OF
922 3720 1261 3803 OANTERBURY,
1280 3720 1339 3790 ΤΟ
1362 3720 1544 3804 URBAN,
1567 3720 1742 3791 BISHOP
1764 3722 1845 3791 OF,

461 3844 732 3926 munins,
759 3843 1011 3913 oennnme
1038 3844 1138 3912 nna
1163 3844 1222 3913 no
1247 3844 1442 3914 amnuo
1467 3846 1503 3914 a
1527 3846 1737 3915 coenem
1761 3846 1824 3916 ar

461 3968 667 4051 noanon,
702 3968 768 4037 on
805 3972 874 4035 em
896 3968 1033 4052 enan,
1068 3970 1153 4037 1125
1179 3970 1235 4058 (a).

707 4092 855 4183 [corros
881 4092 977 4161 MSS.
1037 4092 1380 4163 venenosum
1403 4093 1476 4185 33]

575 4217 793 4286 Sounoumo
815 4216 1005 4287 Wmunnrm
1028 4218 1303 4287 (tauromenum
1323 4218 1599 4315 Aapmamsoorr.

396 4342 613 4413 Wmaauus
647 4342 921 4409 Orurusarsusm
954 4343 1208 4431 arehiepisoopus
1239 4344 1389 4411 Ueneno
1419 4344 1647 4413 Lannsvnusr
1677 4345 1823 4433 episeopo

353 4480 499 4548 salutem.

395 4616 531 4684 Litteris
555 4616 626 4685 istis
650 4616 712 4685 tibi
734 4623 850 4686 notum
874 4618 979 4687 faeere
1003 4620 1154 4687 volumus
1177 4621 1266 4707 quod
1288 4619 1473 4688 Jonarsnas
1497 4620 1636 4689 eeelesia
1662 4558 1823 4691 &uina

351 4753 508 4844 presbiter
522 4752 703 4822 Ueruinalis
722 4759 819 4842 atque
838 4755 984 4845 Legatos
1004 4757 1088 4845 legis
1107 4758 1312 4827 ordinaeioue
1328 4761 1503 4846 nostraque
1523 4759 1728 4828 oonnirentia
1749 4782 1823 4828 eon·

2053 4660 2055 4713 i
