4125 5359
1459 567 1461 574 ·
1586 543 1652 612 229

271 857 472 946 Religionum
485 856 588 924 vitem
601 854 798 944 eligentibus
811 854 1021 942 apostolieum
1035 855 1186 924 oonrsuit
1202 857 1311 925 adesse
1325 856 1501 943 presidium
1518 907 1525 924 .
1548 881 1590 925 ne
1611 858 1696 927 forte

226 995 401 1084 eujuslibet
413 993 604 1062 temeritatis
616 992 764 1060 inoururs
784 996 843 1060 aut
863 1013 917 1060 eos
937 1015 958 1060 a
976 993 1139 1080 proposito
1160 997 1286 1060 revooet
1307 997 1365 1060 aut
1385 993 1483 1061 robur
1504 996 1591 1080 quod
1612 993 1697 1062 absit

226 1155 313 1204 soors
326 1131 493 1220 religionis
505 1130 675 1220 iniringat
720 1128 1090 1216 Ele-proptordileotiin
1105 1131 1236 1198 domino
1255 1131 1316 1198 filii
1335 1131 1448 1198 vestris
1468 1131 1565 1218 justis
1585 1137 1695 1218 postu·
1768 1187 1774 1196 ,

225 1269 401 1338 lotionibus
414 1270 588 1337 olemsnter
600 1268 775 1336 annuimus
797 1319 806 1336 .
828 1273 863 1336 et
880 1268 1045 1355 prefatum
1064 1267 1294 1344 monasterinm
1316 1273 1424 1336 saneto
1445 1267 1510 1336 Dei
1531 1269 1696 1356 genitriois

225 1412 260 1476 et
284 1407 421 1496 virginis
441 1407 564 1474 Meum
584 1407 622 1474 in
642 1429 707 1494 quo
728 1406 839 1486 divino
859 1404 1037 1492 mancipati
1059 1405 1134 1472 estis
1159 1404 1310 1492 obsequio
1335 1405 1395 1472 sub
1420 1404 1507 1472 boati
1530 1405 1639 1472 Parni
1662 1411 1697 1474 et

225 1553 335 1618 nostre
363 1545 559 1633 protentione
588 1544 777 1630 suseipimus
807 1593 816 1610 .
845 1547 885 1610 ut
916 1541 1072 1629 presentis
1105 1540 1215 1628 soripti
1246 1541 1417 1630 privilegio
1449 1543 1693 1610 communimus.

225 1683 270 1752 In
298 1683 412 1770 primis
440 1680 599 1767 siquidem
628 1684 806 1748 statuentes
833 1685 873 1745 ut
901 1679 979 1745 ordo
1007 1676 1203 1745 monasticus
1231 1677 1288 1764 qui
1319 1679 1494 1744 seeundum
1526 1677 1634 1746 Deum
1663 1683 1697 1746 et

225 1819 313 1890 beati
348 1819 540 1886 Bannnwrr
575 1818 724 1906 reguiam
753 1822 851 1904 atque
886 1787 1125 1884 institutionem
1168 1813 1454 1884 Onsrnuornnsnnn
1490 1815 1629 1884 fratr-orm
1660 1817 1696 1883 in

225 1957 338 2024 eodem
374 1954 567 2022 monasterio
602 1954 772 2020 institutus
806 1937 873 2022 esse
905 1954 1083 2022 dinosoitur
1116 2003 1123 2020 .
1158 1952 1321 2040 perpetus
1349 1952 1471 2020 ibidem
1499 1954 1697 2040 temporibus

164 2079 169 2083 ¹
224 2092 454 2162 inviolabiliter
482 2090 675 2159 observatum.
721 2091 872 2159 Preterso
901 2113 1117 2178 quassumque
1146 2091 1356 2176 possessiones
1385 2112 1585 2178 queoumque
1611 2091 1696 2160 bona

223 2231 311 2298 idem
357 2229 588 2297 monasterium
632 2228 913 2315 impresentiarum
952 2228 1040 2316 justa
1087 2235 1120 2294 et
1173 2226 1322 2294 oanonioe
1367 2227 1508 2314 possidet
1555 2233 1613 2296 out
1660 2229 1696 2298 in

222 2367 373 2435 futurum
392 2367 590 2433 oonoessione
612 2365 807 2432 Pontificum
831 2415 838 2431 .
866 2366 1039 2453 largitione
1061 2365 1193 2452 Regum
1214 2364 1266 2432 vol
1288 2363 1478 2451 Prinoipum
1501 2415 1509 2431 .
1533 2365 1695 2434 oblatione

222 2504 398 2574 fidelium.
425 2526 483 2570 seu
503 2503 576 2570 aliis
596 2502 694 2590 justis
716 2503 821 2570 modis
844 2507 1008 2590 prestante
1032 2503 1164 2570 domino
1188 2502 1306 2590 poterit
1329 2502 1462 2588 adipisoi
1487 2503 1581 2570 firma
1606 2502 1696 2570 vobis

222 2642 399 2728 vestrisque
413 2638 643 2708 suooeesoribus
656 2645 691 2708 et
703 2639 831 2708 illibata
843 2646 1062 2728 pmmaneant.
1109 2639 1152 2708 In
1168 2639 1284 2726 quibus
1304 2638 1363 2706 heo
1384 2638 1696 2728 propriis-duximus

222 2779 432 2866 exprimenda
446 2777 617 2844 voosbulis.
662 2777 788 2846 Loomn
809 2778 916 2866 ipsum
936 2777 1059 2865 inquo
1082 2777 1245 2866 prefatum
1270 2777 1501 2844 monesterium
1526 2776 1625 2844 situm
1647 2783 1695 2844 est

222 2938 297 2984 oum
325 2914 475 2983 omnibus
503 2915 707 3002 pertinentiis
735 2915 810 2982 suis.
863 2915 920 2983 Ex
948 2917 1034 2984 dono
1069 2915 1224 2982 Rosam
1254 2919 1288 2982 et
1316 2913 1507 2983 Wnnnnnur
1541 2915 1696 2982 oomitnm

222 3051 394 3120 Knusrnm
416 3058 450 3120 st
470 3052 627 3120 Annussr
648 3053 764 3120 fluvios
787 3104 795 3120 .
818 3057 853 3122 et
869 3054 1080 3140 possessiones
1094 3024 1175 3140 onas
1188 3053 1274 3120 inter
1287 3052 1372 3138 ipsos
1386 3051 1520 3120 habetis.
1565 3050 1695 3120 lewsrt

221 3191 263 3258 de
276 3191 360 3258 mari
374 3214 448 3258 oum
461 3188 675 3278 pertinentiis
685 3191 760 3259 suis.
804 3189 849 3258 In
862 3190 1024 3260 territorio
1038 3191 1079 3258 ds
1093 3189 1265 3258 Knsnrno
1282 3239 1290 3254 .
1307 3211 1347 3255 ex
1365 3187 1639 3256 dono'Knnsuso
1660 3195 1694 3256 st

219 3327 376 3398 heredum
389 3327 462 3416 ejus
482 3333 613 3396 eentum
633 3351 723 3396 soros
735 3334 828 3396 terre.
873 3327 929 3396 Ex
942 3330 1028 3398 dono
1044 3329 1206 3396 Hunorus
1227 3329 1267 3394 de
1289 3326 1523 3392 Hnnsroanm
1544 3325 1690 3393 totidem.

219 3464 275 3534 Ex
301 3465 386 3532 douo
415 3465 605 3534 Wmnnnsrn
636 3465 745 3533 Gmns
770 3466 985 3534 etheredum
1010 3465 1084 3554 ejus
1110 3515 1118 3532 .
1146 3463 1362 3552 quadraginta
1387 3485 1485 3530 auos.
1529 3461 1584 3529 Ex
1607 3463 1692 3530 dono

221 3600 405 3672 Gnurssurr
428 3601 631 3688 omnum]
654 3601 864 3672 etheredum
885 3600 1218 3691 ejusquinqnagints
1240 3623 1336 3668 sorae.
1389 3599 1442 3666 Ex
1464 3600 1549 3666 dono
1571 3597 1690 3667 Gneus

218 3739 280 3808 fllii
294 3739 430 3806 Germa
444 3740 564 3827 uiginti
577 3763 667 3808 sores
681 3791 690 3806 .
713 3746 747 3807 et
767 3741 979 3828 possessiones
1000 3762 1081 3826 quas
1101 3737 1227 3807 habetis
1249 3761 1289 3804 ex
1311 3738 1396 3804 dono
1417 3736 1628 3825 burgensium
1649 3737 1691 3804 de

218 3875 392 3944 Kumno
409 3929 417 3944 .
433 3885 466 3944 ot
480 3877 655 3946 liberomm
664 3877 897 3946 Wassusrmr.
941 3877 998 3946 Er
1011 3879 1097 3946 dono
1109 3876 1287 3944 Gsnrnrno
1301 3873 1474 3964 S[r]nnu1
1489 3873 1691 3941 etheredum

218 4014 292 4103 ejus
307 4065 315 4082 .
331 4018 450 4083 terrem
464 4012 598 4082 droam
619 4037 695 4082 oum
713 4015 863 4084 omnibus
883 4015 1089 4103 pertinentiis
1110 4015 1184 4082 suis.
1230 4011 1364 4080 Terram
1386 4013 1426 4116 de
1448 4010 1691 4078 Hunnnnsnoc

218 4173 294 4220 oum
307 4151 457 4220 omnibus
469 4151 674 4248 pertinentiis
687 4152 762 4221 suis
802 4152 1021 4222 Possessionss
1035 4175 1115 4240 quus
1128 4151 1254 4220 habetis
1267 4151 1354 4218 iuter
1367 4148 1504 4216 fluvium
1518 4147 1691 4217 Kunsrsa

218 4294 253 4358 st
272 4293 418 4360 montem
440 4288 590 4357 Barnun.
627 4289 683 4357 Ex
704 4291 790 4360 dono
811 4289 1001 4360 Wrnnum
1023 4289 1182 4359 mansa
1202 4289 1336 4356 feodum
1349 4287 1391 4354 de
1406 4284 1601 4353 Lsnneswr
1616 4309 1691 4354 oum

216 4424 421 4514 pertinentiis
449 4426 524 4493 suis.
577 4424 632 4492 Ex
661 4427 747 4496 dono
772 4427 910 4496 Passus
933 4427 975 4498 ds
1000 4425 1248 4494 Tuusremnnn
1273 4428 1404 4494 eentum
1429 4445 1518 4492 amas
1543 4427 1626 4492 terre
1652 4423 1689 4492 in

217 4561 419 4630 Corocuuur.
464 4563 520 4630 Ex
543 4564 628 4631 douo
652 4563 779 4632 raon
800 4563 961 4632 Laenas
983 4615 991 4632 .
1015 4558 1146 4633 eentum
1167 4586 1264 4632 aeras.
1310 4561 1444 4630 'Persam
1470 4559 1689 4628 Kranncnnnu

216 4722 291 4770 oum
304 4699 508 4788 pertiuentiis
521 4700 597 4770 suis
635 4699 691 4768 Ex
704 4702 790 4771 dono
800 4699 959 4770 Hermon
972 4702 1014 4770 do
1025 4697 1278 4768 Uurasuvrnn’
1290 4703 1420 4768 eentum
1434 4701 1469 4766 ot
1482 4696 1691 4785 septuaginta
