4125 5359
421 541 488 610 230

378 876 468 924 noras
480 859 574 924 terre
618 854 675 923 Ex
687 854 774 925 dono
787 854 950 924 Huoosss
963 855 1005 924 de
1021 853 1260 922 Leunosnuss
1281 853 1419 942 biginte
1439 856 1474 922 et
1494 854 1636 943 quinque
1650 877 1748 926 soree
1792 855 1845 926 Ex

379 992 466 1060 dono
494 990 648 1061 Wsnsru
676 993 718 1060 de
746 991 986 1060 Pnsnnwnnno
1016 1043 1025 1058 .
1055 989 1225 1059 duodeoim
1253 1011 1352 1058 eorse.
1404 989 1460 1058 Ex
1487 992 1573 1060 dono
1602 993 1779 1062 Jonussre
1805 996 1846 1064 de

380 1127 585 1196 Bounvmuu
609 1179 618 1197 .
640 1129 780 1218 eigino
801 1151 899 1199 sarm
943 1129 1105 1198 Eudone
1128 1127 1320 1200 waiam
1342 1127 1537 1196 Ormnnm
1559 1131 1729 1200 duodeoim
1750 1155 1844 1202 ames

381 1265 437 1333 Ex
450 1267 536 1335 dono
549 1265 829 1336 'l'msrusmosou
842 1267 1061 1357 quodraginta
1073 1287 1172 1336 smne
1213 1263 1348 1336 Terram
1363 1265 1545 1334 Pnurnson
1559 1291 1633 1338 oum
1646 1269 1848 1357 pertiuentiis

381 1402 458 1470 suis
503 1401 683 1492 Gmngiam
705 1403 901 1473 Rossauum
922 1427 997 1473 oum
1021 1403 1226 1492 pertinentiis
1253 1403 1328 1472 suis.
1373 1403 1591 1474 Possessiones
1617 1429 1698 1495 quas
1726 1407 1849 1477 bebetis

381 1539 420 1607 in
439 1539 596 1608 Mssrsoo
616 1542 658 1610 de
677 1542 816 1610 Ami
861 1541 1075 1611 Communem
1095 1545 1260 1630 pasturam
1286 1541 1374 1609 inter
1401 1540 1518 1610 Nm’
1549 1595 1556 1609 .
1586 1547 1621 1612 et
1649 1543 1746 1612 Turn
1777 1596 1784 1611 .
1813 1545 1847 1613 in

381 1675 476 1746 boeoo
497 1682 532 1746 et
551 1679 588 1746 in
608 1679 707 1767 plano
729 1731 737 1747 .
760 1679 805 1748 In
818 1679 991 1748 Kmm
1012 1679 1217 1768 mesuagium
1237 1699 1350 1746 unum.
1394 1678 1497 1765 Apud
1511 1679 1731 1750 Bruauousms
1747 1703 1847 1749 mesu·

383 1814 460 1904 agia
480 1795 576 1884 duos
607 1815 710 1905 Apud
729 1817 1007 1885 Novousunouu
1029 1867 1038 1884 .
1061 1815 1263 1905 mesuagium
1283 1837 1397 1884 unum.
1452 1815 1623 1906 Mesuagia
1643 1840 1707 1905 que
1727 1818 1850 1886 hebetis

382 1951 420 2019 in
440 1952 520 2019 ville
540 1953 582 2020 de
603 1953 736 2022 Gsnnrs
758 1957 793 2021 et
812 1955 1024 2042 possessiones
1043 1957 1164 2022 vestroe
1184 1953 1220 2020 iu
1243 1953 1403 2021 territorio
1424 1953 1497 2042 ejus
1517 2005 1524 2020 .
1546 1977 1620 2022 oum
1639 1955 1741 2042 pratis
1760 1955 1851 2024 lenis

382 2088 568 2157 nemoribus
587 2089 762 2179 mesusgiis
782 2094 817 2158 et
836 2089 963 2178 pasouis
983 2140 993 2157 .
1015 2091 1052 2156 in
1072 2089 1167 2158 bosoo
1188 2092 1222 2156 et
1242 2088 1340 2177 plano
1370 2139 1378 2156 .
1409 2089 1445 2156 in
1466 2091 1559 2178 equis
1580 2097 1613 2160 et
1633 2093 1827 2161 molendinis
1840 2112 1866 2162 .“

383 2226 421 2294 in
441 2226 504 2294 riis
528 2230 563 2294 et
586 2228 709 2295 semitis
729 2278 737 2295 .
758 2233 793 2296 et
815 2227 965 2296 omnibns
984 2227 1059 2296 aliis
1080 2225 1284 2296 libertatibus
1308 2231 1342 2296 et
1363 2228 1623 2300 immunitatibus
1647 2233 1690 2300 ad
1711 2233 1852 2321 prediots

384 2365 455 2433 loos
477 2369 583 2432 vestre
607 2364 833 2452 speetnntibus

428 2501 515 2570 Sane
528 2502 676 2570 laborum
689 2507 868 2571 vestrorum
882 2526 963 2591 quos
978 2503 1117 2592 propriis
1135 2501 1286 2572 manibus
1299 2507 1333 2571 et
1346 2507 1404 2571 aut
1418 2503 1599 2591 sumptibus
1613 2506 1718 2575 nolitis
1731 2511 1802 2575 tem
1814 2509 1854 2576 de

312 2712 314 2715 ,
385 2639 480 2708 terris
494 2641 590 2708 uultis
603 2663 702 2729 quam
715 2641 847 2709 inoultis
862 2643 928 2710 sive
942 2643 984 2710 de
997 2641 1077 2710 ortis
1090 2645 1125 2710 et
1137 2640 1289 2730 virgultis
1302 2645 1336 2708 et
1354 2639 1583 2728 piseationibus
1596 2643 1710 2711 vestris
1725 2694 1734 2712 .
1750 2645 1802 2712 vel
1816 2646 1855 2714 de

385 2778 594 2846 nubimentis
607 2779 798 2846 animalium
813 2784 992 2846 vestrorum
1005 2777 1153 2846 nullnsa
1174 2777 1265 2846 vobis
1286 2775 1425 2844 deoimoe
1445 2777 1574 2866 exigere
1595 2779 1647 2846 vel
1668 2785 1856 2870 extorquere

385 2921 559 3005 presumat
597 2915 713 2985 Iioeot
734 2939 862 3004 quoque
883 2915 974 2984 vobis
994 2915 1124 2984 elerioos
1144 2915 1196 2984 vel
1218 2914 1316 2984 lnioos
1334 2915 1451 2984 liberos
1474 2921 1508 2984 et
1529 2915 1691 2986 absolutos
1712 2941 1732 2986 e
1753 2919 1870 2987 semilo-

387 3054 553 3143 iugientes
566 3055 610 3122 sd
623 3053 860 3122 eonversionem
878 3053 1019 3140 incipere
1042 3102 1050 3120 .
1073 3055 1107 3120 et
1121 3073 1175 3120 eos
1189 3051 1308 3140 abique
1322 3053 1572 3121 oontmdiotione
1587 3053 1697 3141 alique
1710 3055 1855 3124 retinere

388 3191 602 3262 Prohibmus
614 3191 746 3280 insuper
758 3195 798 3259 ut
810 3191 896 3259 nulli
909 3191 1049 3258 bubum
1063 3193 1241 3259 vestrorum
1255 3193 1328 3278 post
1345 3189 1466 3257 faelem
1487 3189 1523 3256 in
1544 3191 1738 3260 monasterio
1756 3197 1859 3262 vestro

386 3331 617 3420 professionem
630 3329 682 3397 fos
695 3329 738 3396 eit
752 3327 872 3416 ebsque
885 3327 1012 3397 obbatis
1031 3328 1083 3398 sui
1104 3328 1236 3398 lieentia
1257 3329 1299 3397 de
1319 3329 1432 3396 eodem
1454 3328 1524 3395 loeo
1545 3329 1706 3397 diseedere
1729 3381 1737 3396 .
1761 3331 1859 3399 disoe-

387 3471 521 3538 dentem
545 3489 621 3536 vero
643 3466 764 3554 absque
785 3466 1005 3534 eommunium
1026 3466 1210 3534 litterarum
1237 3471 1414 3534 vestrarum
1437 3466 1585 3534 ooutione
1607 3467 1718 3534 nullus
1743 3469 1861 3536 audent

388 3607 535 3677 retinere.
582 3603 728 3679 Quodsi
749 3602 823 3690 quie
843 3603 928 3670 forte
950 3604 1090 3672 retinere
1112 3602 1341 3691 presumpserit
1363 3653 1371 3668 .
1396 3603 1523 3670 linitum
1542 3602 1633 3671 robis
1653 3603 1696 3672 sit
1718 3604 1755 3672 in
1776 3605 1861 3694 ipsos

389 3741 564 3812 monaehos
591 3741 656 3807 vel'
673 3761 839 3808 eonvereoe
866 3740 1049 3828 regularem
1081 3740 1275 3808 sententiam
1302 3740 1516 3828 promidgare.
1568 3739 1659 3808 Illud
1686 3741 1863 3811 distriotius

391 3882 576 3952 inhibentes
588 3901 631 3948 ne
644 3883 746 3945 temne
759 3900 816 3944 sen
833 3875 1000 3964 quodlibet
1019 3875 1211 3946 beneficium
1232 3878 1361 3945 eoolesie
1374 3881 1478 3946 vestre
1492 3879 1645 3946 ooliatum
1658 3879 1755 3948 lioest
1767 3881 1863 3949 elioui

389 4017 601 4110 personaliter
623 4016 701 4082 dare
722 4014 790 4082 sive
810 4015 875 4082 elio
895 4015 992 4082 modo
1012 4014 1147 4082 slieneri
1170 4063 1178 4081 .
1205 4012 1325 4102 absque
1350 4036 1505 4082 eonsensu
1528 4015 1628 4083 totiue
1651 4015 1784 4106 oepituli
1808 4019 1861 4086 vel

393 4156 529 4246 majoris
542 4159 601 4222 aut
614 4152 749 4219 senioris
761 4152 863 4240 pertis
882 4152 991 4239 ipsius
1037 4151 1074 4220 si
1088 4175 1150 4240 que
1165 4173 1240 4220 vero
1254 4152 1443 4221 donationes
1464 4155 1522 4220 aut
1543 4153 1752 4222 alienationes
1772 4154 1867 4224 alites

398 4282 1203 4385 quemdiotumestiaoteiiierinteasirritsseese
1222 4311 1394 4358 oeneemus
1439 4291 1497 4358 Ad
1517 4289 1575 4358 heo
1596 4291 1698 4360 eninm
1717 4291 1867 4381 probibe-

394 4455 469 4503 mus
482 4453 524 4500 ne
545 4427 663 4516 aliquis
682 4426 858 4494 moneohue
879 4427 945 4493 sive
966 4449 1136 4494 eonversus
1157 4424 1217 4494 sub
1239 4426 1435 4515 professione
1455 4431 1560 4495 vestre
1582 4427 1697 4496 domue
1718 4430 1866 4498 astriotus

248 4587 255 4594 '
396 4573 466 4642 sine
493 4587 650 4638 eonsensn
677 4568 712 4633 et
739 4563 871 4632 lieentia
898 4562 1025 4632 obbatis
1053 4566 1087 4631 et
1111 4562 1245 4652 majoris
1269 4565 1371 4652 partis
1395 4563 1530 4652 oepituli
1551 4563 1649 4632 vestri
1674 4589 1733 4654 pro
1758 4566 1867 4654 aliquo

394 4707 573 4800 fidejubent
587 4755 596 4772 .
611 4701 719 4772 veleb
733 4701 842 4790 ulique
859 4702 1030 4790 pecuniam
1050 4707 1165 4772 mutuo
1187 4701 1323 4790 eooipiat
1344 4701 1431 4770 ultre
1452 4702 1593 4791 pretium
1615 4703 1748 4791 oapituli
1770 4703 1866 4773 vain·
