4125 5359
2050 427 2053 516 t

1012 918 1183 989 DLVHI.
1245 915 1252 926 ’

359 1080 491 1150 BULL
524 1082 583 1150 OF
617 1082 736 1150 POPE
774 1082 1022 1151 HONORI'US
1056 1082 1105 1150 H.
1140 1082 1198 1152 ΤΟ
1233 1084 1464 1167 WILLIAM,
1498 1086 1737 1156 AROHBISP
1770 1089 1832 1157 01⁴*

469 1217 807 1301 OANTERBURY,
859 1218 1155 1289 RESPEOTING
1206 1220 1481 1291 OOMPLAINT
1533 1222 1599 1291 BY
1648 1224 1828 1309 URBAN,

469 1358 643 1427 BISHOP
676 1359 737 1427 ΟΡ
773 1358 1044 1441 LLANDAFR
1077 1359 1288 1428 AGAINST
1324 1360 1424 1429 THE
1461 1360 1636 1430 BISHOP
1672 1362 1733 1432 OF
1765 1364 1828 1433 ST.

469 1496 669 1567 strn’s.

642 1660 791 1750 [Gonnos
814 1659 910 1727 Mes.
956 1660 1145 1728 Vrrnrnrus
1168 1657 1251 1727 ΟΧ
1274 1659 1300 1726 f.
1320 1659 1393 1749 29.]
1440 1662 1481 1726 19
1504 1660 1618 1729 Arnrn
1643 1662 1783 1750 (1128r)

401 1835 585 1904 Houonrns
613 1841 673 1904 ets.
703 1840 763 1903 ete.
793 1834 858 1901 Dei
890 1833 1127 1901 venerabilibus
1161 1833 1317 1901 fratribus
1345 1832 1541 1902 Wrnnnnuo
1570 1834 1828 1906 Omnsnmnsr

357 1972 592 2062 arehiepiseopo
606 1973 778 2061 apostoliae
792 1972 875 2039 sedis
885 1971 1012 2059 legato
1027 1976 1061 2038 et
1074 1972 1229 2058 episeopis
1242 1994 1301 2059 per
1310 1971 1478 2039 Αυοιωι
1494 1974 1676 2041 eonstitutis
1689 1974 1827 2043 salutem

357 2116 391 2178 et
407 2110 614 2199 apostolieum
628 2095 893 2179 benedietionem.

401 2274 517 2343 Frater
530 2278 639 2343 noster
652 2274 823 2342 Ursinus
837 2272 1081 2340 Lrunsvnnsrs
1094 2272 1260 2359 episeopus
1273 2273 1317 2339 ad
1330 2272 1414 2339 sedis
1431 2272 1602 2359 apostoliea
1623 2272 1827 2341 elementiam

246 2436 250 2447 ·
355 2412 497 2493 veniens,
512 2436 545 2479 se
560 2414 595 2479 in
619 2416 779 2495 eonventu
798 2416 927 2480 stante
948 2414 1092 2479 nostrum
1112 2410 1316 2496 presentiam,
1339 2432 1435 2497 super
1455 2410 1611 2499 episeopis
1632 2411 1824 2478 Brrnrnno

356 2548 468 2619 Sanoti
482 2550 587 2631 Dum,
603 2556 637 2618 et
651 2550 806 2618 chsrno
821 2548 1069 2617 Hrrronnnrrsr
1083 2549 1125 2615 de
1138 2546 1289 2636 peronhia
1303 2548 1503 2635 episcopatus
1513 2548 1563 2615 sui
1574 2547 1615 2616 ab
1626 2549 1672 2617 eis
1682 2550 1824 2631 detentu,

355 2688 519 2775 querelem
533 2689 714 2777 deposuisse
728 2688 871 2757 assenrit.
918 2686 1070 2757 Oetemm
1083 2686 1199 2754 fratres
1219 2686 1283 2773 ipsi
1299 2686 1428 2754 nullum
1441 2686 1473 2753 ei
1490 2665 1532 2755 de
1545 2687 1753 2774 queremonia
1766 2710 1824 2755 sua

356 2848 544 2913 responsum
566 2829 736 2896 reddentes
759 2826 871 2895 ordine
892 2825 1096 2911 transposito,
1118 2826 1254 2892 eandem
1276 2847 1371 2911 super
1392 2824 1464 2891 eliis
1485 2828 1640 2911 uepenmt
1660 2826 1824 2912 impetere

356 2961 452 3036 nuos
466 2969 536 3031 nm
558 2988 719 3033 norom
733 2964 863 3033 sarua
882 2938 1052 3042 enom
1067 2984 1166 3049 qum
1187 2960 1347 3050 regmen
1364 2962 1584 3033 mosomus
1604 2963 1737 3033 ossum
1758 2988 1824 3032 oss

356 3122 423 3168 non
446 3106 537 3169 extat
559 3102 759 3190 ambignum.
804 3104 847 3171 In
867 3103 990 3193 judioio
1003 3126 1145 3191 namque
1162 3108 1196 3171 st
1216 3104 1313 3171 unius
1334 3104 1565 3192 disseptstione
1584 3106 1719 3193 negotii,
1741 3128 1824 3187 reus,

355 3236 420 3303 nisi
442 3260 499 3324 per
521 3239 750 3324 exeeptionem,
773 3244 861 3308 sotor
883 3242 964 3308 sffioi
985 3262 1191 3327 nequequam
1212 3245 1326 3329 potest.
1371 3238 1447 3327 Ipse
1461 3263 1537 3309 vero
1551 3242 1696 3309 ordinem
1709 3240 1825 3330 judieii

355 3374 530 3462 postulans,
545 3381 585 3443 ut
598 3376 697 3463 prius,
712 3378 754 3445 de
767 3376 819 3445 hie
833 3400 906 3464 qum
921 3378 1084 3466 objeoerat
1104 3378 1166 3446 sibi
1185 3378 1421 3447 rationabiliter
1441 3400 1631 3465 responsum
1651 3379 1783 3445 dnrenrr
1803 3400 1825 3444 a

355 3521 414 3579 tun
427 3512 616 3580 discretione
630 3514 732 3581 trater
745 3514 988 3603 arehiepiseope‚
1004 3516 1062 3602 qni
1074 3538 1134 3603 pro
1147 3516 1256 3603 judioe
1272 3514 1442 3596 residebas,
1457 3516 1601 3604 expetiit
1648 3514 1737 3589 Quia
1749 3538 1826 3583 vero

356 3652 444 3738 quod
469 3650 601 3738 optabat
626 3652 770 3739 optinere
795 3675 862 3721 non
887 3654 1004 3742 potuit,
1033 3676 1192 3741 magnum
1220 3653 1283 3721 sibi
1311 3676 1486 3742 gravamen
1513 3654 1654 3722 sentiens
1677 3652 1825 3741 irrogari,

353 3787 532 3856 Romnum
561 3788 770 3872 audientiam,
793 3813 866 3877 quse
895 3792 1053 3879 oppressis
1073 3814 1243 3859 eommuns
1275 3792 1470 3879 suffragium
1498 3796 1556 3872 est,
1578 3789 1764 3878 appellavit,
1786 3794 1821 3858 st

356 3926 594 4013 prenominatos
630 3926 792 4015 episeopus
827 3926 1053 3995 Braurrrnurs
1089 3932 1123 3995 et
1159 3928 1356 4009 Brennum,
1393 3935 1433 3997 ut
1461 3927 1498 3995 in
1526 3933 1637 3997 nostra
1663 3928 1826 4016 presentia

356 4062 518 4132 mediante
540 4066 796 4153 quadragesime,
818 4066 884 4133 suis
905 4067 1135 4153 responderent
1155 4064 1378 4153 queremoniis‚
1404 4066 1565 4133 inritavit.
1609 4064 1736 4133 Verum
1755 4065 1826 4154 ipse

355 4198 520 4269 nobiseum
535 4200 726 4289 aliquandiu
740 4206 884 4269 moratus
898 4207 955 4285 est,
970 4202 1102 4271 inritati
1115 4225 1191 4270 vero
1212 4204 1335 4291 prefixa
1355 4203 1494 4271 termino
1508 4225 1568 4272 nee
1581 4208 1751 4287 venerunt,
1764 4227 1825 4272 nso

354 4338 551 4426 responsales
564 4322 730 4407 miserunt.
775 4338 847 4407 Nor
867 4340 970 4429 igitur
991 4364 1032 4409 ex
1054 4341 1218 4409 eommuni
1238 4340 1378 4409 manum
1398 4345 1582 4408 nostrorum
1603 4340 1823 4429 episeoporunr

355 4480 389 4545 st
401 4476 614 4545 onrdinnlium
629 4476 870 4560 delibemoione,
885 4478 998 4547 audita
1012 4500 1107 4567 super
1121 4478 1181 4546 hoe
1195 4480 1334 4547 duorum
1344 4478 1477 4546 testium
1494 4478 1677 4560 assertione,
1691 4500 1768 4545 eum
1782 4480 1824 4546 de

353 4614 503 4701 paronhis
522 4616 610 4683 unde
628 4616 812 4703 oonquestio
826 4616 943 4699 fuerat,
964 4616 1114 4686 videlieet
1134 4616 1263 4699 Enerr,
1284 4616 1458 4696 Is'rnsrm,
1480 4614 1612 4697 (inm,
1634 4614 1823 4698 Ori-reum,

351 4749 489 4821 Osntrsf
516 4750 676 4835 Euenus,
703 4754 792 4821 salva
816 4754 946 4842 justinia
974 4755 1178 4823 eoelesisrum
1206 4754 1471 4823 Hnaronrnusrs
1499 4756 1534 4821 st
1561 4751 1673 4821 Heneti
1701 4750 1822 4819 Dnunr
