4125 5359
842 842 1066 913 DOOXXIV.

221 976 383 1049 GRANT
419 978 487 1047 ΒΥ
522 978 756 1062 mnemon,
785 978 933 1047 PRIOR
969 978 1030 1047 01¹¹
1065 978 1128 1048 ΒΤ.
1150 980 1383 1049 MIOHAEL
1419 982 1480 1050 OF
1516 981 1690 1066 OWENI,

327 1120 368 1181 al.
398 1114 642 1200 UGGOMOR,
673 1122 733 1201 ta,
763 1116 990 1199 EWENNY,
1020 1115 1079 1185 ΤΟ
1109 1117 1321 1187 Maneant
1357 1119 1531 1201 ΔΒΒΕῩ,
1562 1119 1624 1188 OF
1656 1120 1690 1189 A

327 1252 593 1323 TENEMENT
628 1253 693 1323 Ar
729 1254 1000 1324 LANTGEWI.

806 1391 977 1481 [Parmos
991 1390 1108 1481 Mes]

262 1528 373 1598 Soiant
387 1551 498 1598 omnes
512 1536 581 1598 tem
594 1536 757 1620 presentes
771 1553 869 1619 quam
883 1529 987 1598 futuri
1003 1532 1091 1618 qnod
1109 1531 1168 1598 heo
1190 1536 1238 1599 est
1259 1533 1428 1599 eonventio
1449 1556 1513 1619 que
1534 1532 1622 1600 iaote
1642 1537 1692 1601 est

217 1655 303 1723 inter
317 1656 450 1723 domum
470 1657 510 1723 de
530 1656 686 1723 Marsas
708 1660 742 1723 et
763 1655 928 1722 eoolesiam
950 1654 1061 1723 Sanoti
1082 1656 1280 1723 Mromnms
1302 1657 1343 1723 de
1365 1655 1489 1724 Ownrsr
1511 1658 1692 1744 presidente

218 1778 411 1847 monasterio
426 1781 467 1846 de
481 1780 637 1847 Manem
652 1782 772 1848 domno
786 1778 927 1846 Corano
940 1778 1057 1849 abbate
1073 1831 1080 1846 .
1102 1785 1136 1847 et
1150 1804 1246 1848 omno
1263 1780 1338 1869 [pro
1353 1781 1488 1869 domno]
1510 1782 1693 1849 Madame

217 1904 395 1991 prioratum
420 1906 508 1992 apud
530 1903 655 1971 Ownrn
675 1904 930 1971 administrante.
983 1902 1113 1972 Seilioet
1132 1908 1219 1993 quod
1239 1929 1300 1994 ego
1325 1906 1525 1974 Maunrrros
1545 1908 1633 1993 prior
1651 1908 1692 1974 de
1803 1948 1807 1958 ·

219 2026 343 2095 Ownrsr
358 2028 488 2097 dimitto
499 2034 532 2095 et
543 2029 680 2096 oonoedo
691 2028 727 2094 in
737 2032 930 2115 perpetuum
939 2031 972 2095 et
981 2027 1043 2095 hoo
1054 2029 1186 2097 oonsilio
1198 2034 1231 2096 et
1242 2031 1405 2097 eommuni
1413 2053 1545 2098 assensu
1552 2031 1693 2099 fratrum

218 2157 251 2221 at
265 2153 421 2220 sooiorum
435 2157 617 2221 nostrorum
632 2152 862 2220 monaehorum
876 2152 1044 2221 nobiseum
1058 2154 1247 2241 degentium
1263 2206 1270 2220 .
1287 2155 1452 2221 monachis
1471 2159 1505 2221 et
1524 2156 1636 2222 domui
1650 2158 1692 2224 de

218 2278 373 2346 Marsuas
400 2283 506 2346 totum
531 2282 753 2346 tenementum
783 2279 871 2365 quod
902 2276 1119 2345 Wrnnnnrrus
1148 2278 1351 2345 &ornasse
1379 2279 1473 2347 nobis
1502 2284 1536 2345 et
1563 2247 1716 2348 eoelesie¹

217 2401 328 2470 Sanoti
343 2402 539 2471 Meamne
553 2406 594 2470 de
609 2402 733 2470 Ownrr
755 2404 791 2469 in
813 2426 929 2490 prmum
950 2408 985 2470 et
1005 2408 1194 2491 perpetrem
1217 2404 1355 2471 eontulit
1376 2404 1583 2471 elemosinam
1604 2406 1692 2492 apud

216 2526 408 2594 Larrunwr
423 2527 579 2595 delibero
593 2532 777 2595 tenemento
792 2551 849 2595 suo
867 2579 873 2593 .
890 2550 948 2615 per
967 2528 1077 2595 omnia
1094 2528 1177 2594 siout
1197 2528 1285 2595 idem
1306 2528 1523 2595 Wrmnnrans
1543 2528 1637 2596 nohis
1658 2535 1692 2597 et

217 2652 328 2718 domui
342 2656 449 2719 nostre
467 2652 583 2719 melius
597 2657 630 2719 et
643 2652 776 2720 liberius
789 2656 824 2720 st
837 2652 996 2740 integrius
1016 2652 1153 2719 eandem
1175 2653 1265 2718 dedit
1287 2653 1494 2719 elemosinam
1514 2653 1550 2719 in
1572 2654 1689 2721 terris.

216 2780 250 2844 at
263 2776 403 2863 pasturis
419 2828 426 2844 .
443 2782 476 2845 et
490 2778 591 2865 pratis
599 2830 613 2847 ,.
631 2782 663 2845 et
678 2799 849 2844 eommuna
863 2780 993 2863 pastura
1013 2826 1021 2843 .
1038 2781 1073 2843 et
1087 2776 1199 2843 oeteris
1213 2777 1411 2843 aisiamentis
1425 2782 1509 2843 terre
1523 2783 1556 2844 et
1570 2778 1692 2864 pheudi

215 2902 257 2967 de
268 2900 460 2967 Larsronwr
475 2899 568 2967 nobis
583 2902 736 2968 oonoessis
747 2904 780 2968 et
790 2901 825 2967 in
840 2900 1047 2968 elemosinam
1062 2902 1147 2967 datis
1163 2951 1171 2965 .
1188 2900 1270 2967 siout
1284 2905 1371 2967 earte
1385 2902 1486 2987 ipsius
1499 2901 1690 2969 Wrnnnnm

215 3030 361 3093 testatur.
421 3025 495 3093 Heo
524 3026 658 3113 inquam
687 3026 797 3093 omnia
826 3026 894 3093 sine
924 3026 1033 3113 aliquo
1059 3030 1278 3093 retenemento
1307 3025 1444 3110 prodisti
1471 3026 1621 3093 monaehi
1650 3030 1691 3094 de

214 3148 370 3216 Manain
394 3150 645 3238 inperpetuum
668 3149 877 3237 possidebunt
893 3200 899 3214 .
916 3148 1015 3217 libere
1041 3155 1076 3216 et
1100 3150 1208 3235 quiete
1233 3155 1267 3215 et
1291 3150 1360 3216 sine
1386 3149 1476 3216 omni
1500 3150 1630 3218 servitio
1655 3157 1689 3219 et

214 3275 349 3342 seeulari
369 3274 534 3342 exeotione
551 3325 558 3340 .
574 3276 738 3342 reddendo
759 3274 852 3342 nohis
872 3297 931 3361 pro
952 3274 1042 3341 omni
1064 3274 1193 3341 servitio
1214 3276 1295 3340 duos
1317 3274 1434 3341 solidos
1455 3275 1625 3341 annuatim
1646 3278 1689 3343 ad

215 3398 348 3467 Pasoha.
393 3398 441 3465 Et
462 3400 539 3486 quia
560 3404 648 3466 carto
669 3399 772 3487 prime
794 3398 977 3465 donationis
998 3399 1153 3465 remansit
1175 3399 1211 3465 in
1232 3404 1342 3466 nostru
1364 3398 1509 3466 eristodia
1534 3450 1541 3465 .
1566 3423 1626 3467 nos
1646 3402 1688 3467 de

213 3523 336 3591 Ownrr
357 3529 538 3611 presentem
558 3524 801 3592 conventionem
818 3574 826 3590 .
843 3528 875 3589 et
896 3527 1016 3590 terram
1039 3545 1137 3610 quam
1158 3523 1333 3590 locavimus
1354 3546 1428 3590 oum
1449 3523 1599 3591 omnibus
1619 3527 1686 3593 suis

212 3648 414 3716 libertatibus
435 3648 600 3715 monaehis
622 3650 664 3716 de
686 3648 841 3715 Manain
864 3652 975 3714 eontra
996 3670 1107 3715 omnes
1128 3648 1164 3714 in
1185 3652 1377 3735 perpetuum
1398 3647 1685 3717 warantizabimus.
1733 3720 1736 3727 ,

213 3770 363 3840 Testibus
388 3772 541 3840 Honora
571 3778 604 3841 et
633 3771 793 3839 Ossnarso
822 3776 901 3839 tuno
929 3770 1095 3857 monachis
1124 3774 1211 3858 apud
1241 3771 1687 3841 Ownr1.W11,nnnrsode

212 3895 361 3964 Bnnrrr’
376 3900 410 3964 et
424 3896 624 3965 Gonaramo
646 3896 811 3964 monaehis
832 3897 873 3963 de
894 3895 1051 3963 Marnas
1068 3946 1075 3961 .
1091 3894 1200 3962 Anasi
1222 3897 1386 3983 capellano
1402 3948 1410 3962 .
1426 3896 1449 3963 J
1450 3919 1587 3965 onnaro
1609 3922 1683 3966 oon·

213 4044 302 4089 verso
331 4023 372 4089 de
401 4021 556 4089 Marsas
585 4073 592 4087 .
619 4021 797 4092 Wanrnno
826 4022 939 4089 olerioo
968 4022 1009 4089 de
1039 4020 1158 4088 Sauote
1183 4020 1337 4087 Bmorna
1364 4074 1371 4087 .
1399 4019 1520 4089 Hatra
1548 4024 1683 4091 elerieo.

212 4144 396 4213 Ronasnro
410 4147 451 4213 de
466 4146 721 4215 Gnoncnsrma.
737 4145 926 4213 Hnanvnm
943 4145 1089 4233 dapifero
1103 4146 1227 4231 prioris.
1554 4119 1557 4123 Δ

256 4282 331 4350 sea
352 4284 388 4351 of
415 4284 471 4351 aa
494 4284 587 4352 Prior
609 4284 644 4351 of
673 4284 720 4352 st.
745 4254 887 4352 ninias
908 4285 948 4351 se
969 4281 1163 4372 vggomor’,
1185 4288 1245 4363 aa,
1268 4283 1427 4371 swenny.
1474 4283 1582 4353 esan
1602 4308 1686 4368 wax,

211 4405 389 4495 imperfeot.
1120 4474 1123 4481 .

254 4545 304 4614 At
318 4544 374 4613 the
387 4550 444 4633 top
458 4546 514 4613 the
528 4546 618 4613 word
633 4566 886 4613 ornouaarrrnrs
901 4550 957 4613 out
970 4544 1115 4634 through
1129 4546 1210 4612 with
1222 4546 1313 4613 three
1327 4547 1408 4632 desp
1422 4546 1619 4615 indentures

256 4679 610 4750 Endorsod-‘Prioris
623 4683 665 4749 de
681 4680 834 4751 Oeweni!
1381 4685 1385 4694 '
