4125 5359
1622 548 1687 617 187

260 864 449 947 perpetuam
463 858 672 927 elemosinam
685 860 792 927 totum
805 856 861 945 jus
874 879 984 925 meum
998 858 1087 945 quod
1101 857 1238 931 etamsi
1259 862 1411 929 adversus
1431 860 1550 928 Davm
1571 861 1731 931 souma

261 995 296 1061 in
310 993 409 1063 tendo
422 995 463 1061 de
478 992 649 1061 Lanenws
665 1044 673 1061 .
690 994 836 1081 quietum
851 993 886 1059 in
900 997 1093 1081 perpetuum
1106 1016 1166 1081 pro
1182 1017 1235 1064 me
1253 1000 1288 1063 et
1300 994 1472 1064 haedibus
1484 996 1566 1065 meis
1580 998 1649 1067 eine
1662 998 1731 1066 ulto

259 1131 472 1200 retinemento
485 1130 584 1199 miehi
598 1132 651 1201 vel
663 1130 835 1200 heredibus
848 1129 937 1199 meis.
983 1128 1081 1199 Salvo
1094 1130 1223 1200 servitio
1237 1132 1363 1199 domini
1376 1132 1512 1202 eomitis.
1556 1132 1605 1201 Et
1618 1138 1657 1201 at
1670 1132 1730 1203 hee

260 1267 392 1335 donatio
419 1288 492 1335 maa
516 1271 588 1335 rata
613 1271 647 1336 et
670 1267 857 1335 ineoneussa
880 1276 1069 1354 permaneat
1092 1267 1128 1334 in
1154 1271 1301 1337 aternum
1326 1317 1336 1335 .
1367 1268 1455 1335 idem
1479 1268 1535 1357 jus
1560 1292 1670 1340 meum
1695 1270 1731 1338 in

264 1404 488 1492 pmnominato
512 1404 612 1474 teudo
636 1405 677 1471 de
705 1404 878 1472 Lansnws
903 1404 939 1470 in
967 1404 1064 1490 pleno
1092 1404 1248 1473 eomitatu
1274 1406 1317 1473 de
1344 1404 1508 1474 Kasame
1535 1429 1595 1494 pro
1623 1428 1676 1504 me
1701 1412 1736 1476 et
1758 1373 1770 1397 ⁰

265 1540 435 1609 heredibus
455 1542 536 1610 maia
554 1542 662 1629 quiete
684 1540 804 1628 absque
825 1541 893 1609 ullo
920 1541 1134 1610 retinemento
1163 1542 1252 1610 salvo
1280 1542 1410 1611 servitio
1428 1543 1553 1611 domini
1576 1544 1703 1613 semitis
1725 1594 1734 1611 .

262 1679 424 1769 resignavi
450 1683 483 1748 et
504 1679 604 1767 sigilii
629 1679 694 1747 mei
716 1678 922 1747 attestatione
945 1678 1132 1745 sentimavi
1154 1682 1224 1746 tam
1247 1678 1413 1749 monachis
1438 1703 1537 1769 quam
1560 1680 1679 1748 Davus
1700 1687 1735 1749 at

261 1796 433 1886 htredibue
447 1818 527 1907 ejus.
558 1816 625 1885 His
638 1816 774 1885 testibus
787 1816 930 1884 Domino
945 1814 1108 1882 Hannsao
1122 1815 1348 1883 Lannavnnm
1363 1817 1511 1905 episeopo
1526 1869 1533 1883 .
1550 1816 1734 1885 Hanunno

262 1956 304 2022 de
317 1954 405 2023 Van’
423 2006 431 2021 .
447 1960 525 2023 tune
538 1953 681 2022 Baillivo
696 1956 737 2022 de
751 1952 1023 2021 (inamoneascm
1047 2004 1055 2019 .
1079 1952 1247 2021 Renunso
1264 1955 1305 2021 de
1319 1953 1455 2022 Sanam
1479 2006 1487 2021 .
1511 1954 1674 2022 Hmmo
1688 1956 1730 2023 de
1787 2021 1795 2043 „

266 2092 516 2160 Umsnnmsvm'
545 2143 552 2159 .
580 2093 752 2159 Pmmnno
775 2092 816 2159 de
840 2090 1004 2157 Messenes
1031 2140 1040 2156 .
1067 2090 1210 2157 Paeano
1233 2092 1275 2159 de
1295 2088 1512 2159 'suessam’
1536 2092 1737 2161 ‚wanno

263 2230 304 2297 de
318 2228 388 2297 San
411 2279 419 2295 .
439 2229 635 2300 Wmssmso
649 2228 798 2297 Menses
822 2278 830 2295 .
855 2226 997 2294 Rosnso
1012 2228 1054 2295 de
1068 2226 1257 2296 Wmnoma
1273 2278 1281 2294 .
1297 2226 1464 2296 Jonassn
1486 2230 1527 2298 de
1548 2230 1582 2296 la
1603 2228 1734 2296 Mans.

265 2366 420 2434 R1canno
449 2368 672 2435 Fnannnnnsi
704 2418 712 2433 .
744 2366 938 2435 Wmsnmso
968 2365 1192 2433 Fnasnasam
1222 2365 1451 2436 mammo
1479 2365 1547 2433 Son
1574 2418 1582 2433 .
1611 2364 1735 2434 (iman-

266 2526 371 2571 anano
385 2505 426 2571 de
441 2502 655 2571 'Paeanem’
673 2554 680 2571 .
698 2502 864 2571 Rsnunso
881 2502 1026 2571 mneos.

308 2664 382 2733 Ssal
395 2666 431 2733 in
447 2667 527 2733 dark
542 2688 641 2754 green
657 2688 738 2748 wax,
755 2666 842 2751 igin.
859 2666 957 2733 diam.
1004 2666 1170 2746 Deviee,a
1189 2668 1302 2733 dexter
1322 2688 1403 2748 arm,
1424 2666 1511 2733 from
1530 2666 1588 2733 tha
1610 2622 1738 2733 sinister

265 2802 342 2885 eide,
357 2804 513 2891 graeping
528 2826 548 2869 a
561 2802 728 2890 flowering
742 2800 813 2887 lily.
859 2802 1049 2891 [agend-³
1066 2815 1097 2877 ÷
1117 2823 1279 2869 emmaum
1294 2822 1458 2869 mmmm
1474 2801 1612 2869 mann!

309 2964 531 3034 Eudoses—⁴
544 2964 630 3032 Nieh
644 2986 652 3029 ε
676 2963 802 3030 Puinz?

906 3324 1095 3393 DOXOIX.

264 3502 429 3571 GRANT
459 3503 525 3570 ΒΥ
554 3500 708 3571 DAVID
739 3499 958 3569 SOURLAG
987 3499 1046 3568 ΤΟ
1075 3499 1286 3568 MARGAM
1315 3500 1375 3568 01⁴*
1404 3500 1505 3568 THE
1534 3499 1737 3570 OHURCH

840 3638 900 3707 OF
930 3638 1170 3705 LANGEWI.

850 3800 1020 3889 [Pnnmca
1043 3798 1157 3888 MSS]

677 3975 792 4044 Canna
814 3976 932 4044 Davm
954 3976 1110 4043 seusam
1133 3998 1178 4043 ns
1201 3996 1326 4042 sonnis.

310 4143 421 4210 Sciant
446 4146 515 4209 tam
540 4144 701 4227 presentes
727 4162 825 4226 quam
850 4138 954 4205 futtui
980 4140 1068 4225 quod
1086 4162 1152 4227 ego
1175 4188 1183 4204 .
1207 4137 1326 4204 Dav1n
1355 4188 1363 4202 .
1393 4136 1551 4203 Sensus
1576 4138 1663 4205 filius
1687 4136 1736 4206 H.

262 4278 422 4346 Scaenae
439 4328 446 4345 .
462 4278 537 4345 dedi
557 4288 591 4343 et
609 4276 670 4344 hae
689 4282 777 4345 sarta
796 4275 982 4343 eontirmavi
1005 4325 1212 4341 .......
1238 4272 1447 4363 [eonven]tni
1466 4276 1507 4341 de
1525 4272 1682 4341 Manena
1700 4274 1738 4342 in

265 4422 455 4504 perpetuam
474 4414 681 4481 elemosinam
701 4436 795 4480 omne
814 4412 869 4501 jue
891 4462 1032 4479 .....
1057 4412 1240 4480 donationis
1263 4412 1351 4500 qnod
1372 4410 1474 4479 habui
1492 4412 1528 4478 in
1547 4410 1678 4479 mesia
1697 4412 1739 4479 de

263 4552 438 4621 Insnanws
461 4602 468 4618 .
489 4574 547 4638 pso
565 4550 767 4639 [animabus]
790 4550 891 4637 patsis
909 4552 975 4619 mei
995 4554 1028 4618 et
1047 4552 1160 4620 matris
1178 4574 1249 4619 mee
1269 4601 1278 4618 .
1300 4555 1334 4617 et
1352 4554 1588 4617 enteoessomm
1611 4552 1645 4616 et
1669 4570 1741 4616 sne·

261 4711 427 4759 aemorum
441 4710 586 4757 meomm
601 4687 636 4753 in
650 4692 853 4775 perpetuum.
898 4686 1056 4757 Teatibus.
