4125 5359
986 910 1263 981 DLXXXVIII.

389 1070 578 1141 namma
600 1071 734 1141 FROM
754 1072 874 1141 POPE
896 1072 1143 1143 INNOOENT
1165 1073 1215 1140 Π.
1239 1072 1298 1142 ΤΟ
1321 1074 1544 1143 ἮΠὼΙΑΜ
1566 1075 1630 1143 DE
1653 1073 1865 1155 OORBOIS,

498 1208 808 1279 ARGHBISHOP
852 1211 913 1279 01⁴¹
956 1210 1294 1294 cananaeum,
1338 1212 1634 1281 nnsPnosmG
1677 1212 1863 1293 ΠΒΒΑΝ,

499 1347 674 1417 BISHOP
704 1348 764 1416 OF
793 1348 1064 1418 LLANDAFF.

730 1510 838 1601 [ΒΜ.
862 1510 958 1579 Mae.
1005 1511 1092 1580 Rae.
1116 1513 1148 1593 5,
1171 1510 1214 1578 Α.
1230 1532 1320 1593 xus,
1341 1511 1367 1579 t.
1393 1513 1456 1579 199
1470 1510 1521 1601 b.]

1428 1677 1449 1740 9
1472 1676 1562 1757 Oen,
1584 1696 1696 1744 arnna
1720 1677 1813 1745 1133.

432 1824 664 1892 Inuocnnrrus
696 1824 862 1913 episeopus
894 1846 1002 1891 servus
1036 1846 1200 1891 servornm
1233 1823 1298 1892 Dei
1331 1799 1507 1892 benembili
1540 1823 1635 1893 fratri
1663 1824 1861 1893 Wrnnnnno

389 1948 646 2029 Oanrolnrnnsr
673 1961 907 2049 arehiepisoopo
932 1966 966 2028 et
991 1962 1163 2048 apostoliae
1189 1962 1273 2029 sedis
1298 1959 1407 2050 legato
1432 1962 1571 2030 salutem
1595 1965 1630 2029 et
1654 1962 1860 2049 apostolioam

387 2096 653 2167 benedietionem.

431 2246 602 2322 Quantum
630 2247 822 2316 venerabilis
850 2247 951 2316 trater
979 2253 1088 2317 noster
1122 2248 1290 2316 Vnnsuus
1326 2247 1570 2316 Lannsvnmrs
1601 2250 1768 2338 episeopus
1802 2274 1861 2338 pro

385 2384 611 2473 reeuperandis
623 2383 717 2452 bonis
731 2384 860 2453 eoolesie
875 2407 930 2453 sus
948 2383 1141 2453 laboraverit
1160 2384 1346 2453 fraternitas
1366 2390 1424 2453 tua
1443 2408 1510 2455 non
1527 2387 1666 2476 ignorat.
1712 2386 1860 2455 Tandem

386 2546 445 2611 pro
470 2526 583 2592 eodem
606 2525 806 2612 negotiand
831 2525 940 2593 sedem
965 2525 1173 2612 apostolioam
1201 2524 1261 2593 sub
1289 2525 1472 2613 gravissimi
1501 2525 1654 2613 temporis
1681 2525 1861 2594 estuatione

385 2660 540 2749 pervenit.
586 2661 703 2749 Ibique
720 2666 794 2749 post
813 2662 992 2751 expositam
1009 2662 1102 2731 nobis
1121 2667 1156 2730 et
1174 2661 1329 2730 fratribus
1347 2663 1466 2731 nostris
1484 2663 1611 2731 itineris
1630 2662 1681 2731 sui
1699 2662 1856 2749 oansa(m)

385 2800 541 2887 languore
570 2806 716 2887 arreptus
744 2797 941 2869 humanitati
971 2801 1134 2883 oonoessit
1160 2806 1194 2869 et
1220 2802 1263 2869 ad
1286 2806 1394 2888 patres
1419 2821 1494 2868 suos
1519 2800 1577 2887 qni
1601 2800 1642 2867 de
1667 2799 1728 2867 boo
1753 2800 1859 2868 seoulo

385 2938 608 3027 migravenmt
630 2938 666 3005 in
689 2936 775 3005 bona
800 2917 998 3007 ooniessione
1022 2939 1182 3007 transivit
1228 2938 1386 3015 Quooiroa
1410 2936 1609 3005 fraternitati
1632 2940 1691 3004 ture
1713 2938 1859 3026 rogando

384 3076 576 3143 mandamus
586 3075 740 3161 quatinus
753 3074 1016 3143 Lannsvnnsnu
1031 3076 1197 3145 eeclesiam
1210 3080 1421 3144 manuteneas
1435 3080 1470 3143 et
1482 3074 1670 3142 nullatenus
1684 3074 1859 3161 inquietari

385 3212 562 3300 permittas.
608 3212 655 3279 Et
680 3216 719 3280 ut
741 3212 828 3281 idem
851 3214 940 3281 loeus
964 3214 1000 3281 in
1025 3236 1064 3281 eo
1089 3218 1178 3282 statu
1191 3214 1227 3281 in
1250 3235 1314 3301 quo
1338 3216 1409 3281 erat
1431 3212 1560 3299 quando
1583 3210 1729 3298 prefatas
1750 3214 1866 3279 noster

385 3349 487 3417 trater
525 3348 693 3418 Vaesana
726 3350 891 3439 episeopus
923 3354 966 3420 ad
996 3374 1056 3419 nos
1083 3368 1188 3441 nuper
1215 3350 1367 3420 veniendi
1398 3350 1461 3417 iter
1496 3347 1634 3437 arripuit
1668 3353 1856 3437 perseveret

384 3508 485 3573 usque
499 3486 579 3553 dum
593 3486 640 3555 ibi
654 3486 785 3554 domino
798 3486 958 3577 largiente
972 3490 1139 3577 episeopus
1151 3489 1303 3557 oenonioe
1317 3486 1509 3574 mbrogetur
1522 3485 1648 3553 effioias.
1689 3484 1859 3574 Rogamus

383 3626 527 3711 preterea
551 3623 789 3691 fraternitatem
814 3628 905 3691 tuam
929 3625 1083 3713 quatinus
1105 3626 1191 3717 tilios
1215 3629 1341 3693 nostros
1369 3623 1571 3694 Vnrnnnnn
1599 3622 1857 3692 amhidiaoonnm

384 3758 610 3828 Rsnnnrrrnn
626 3762 815 3829 oanonioum
830 3761 1054 3829 Rusnnsnnn
1071 3762 1181 3830 Iesse
1219 3761 1262 3830 Α
1278 3762 1303 3831 J
1302 3782 1473 3829 omnnem
1488 3764 1523 3829 et
1535 3760 1676 3849 reliquos
1688 3759 1759 3849 jam
1772 3760 1858 3829 diota

384 3899 512 3968 eoolesie
527 3898 655 3967 oleriooe
669 3922 727 3988 pro
741 3899 829 3968 beati
844 3900 953 3968 Parni
967 3901 1147 3969 reverentia
1159 3899 1278 3968 habens
1291 3900 1541 3981 oommendates,
1552 3902 1586 3967 et
1595 3904 1714 3966 uttam
1724 3922 1858 3987 persone

384 4058 483 4123 quam
503 4035 589 4104 bona
610 4058 672 4123 quo
694 4038 740 4104 eis
761 4038 878 4105 oollata
899 4045 976 4107 sunt
997 4039 1106 4128 quiete
1127 4042 1338 4126 permaneant
1355 4059 1414 4124 pro
1433 4042 1544 4105 nostra
1565 4035 1706 4104 karitate
1728 4036 1854 4105 effioiaa

383 4173 591 4241 Ossaeam
609 4196 735 4261 quoquo
752 4175 965 4262 presbiterum
984 4174 1163 4244 Gnosnmr
1183 4178 1224 4244 de
1242 4174 1459 4243 Lanosansr
1479 4177 1513 4240 et
1530 4171 1720 4240 Germanos
1738 4172 1858 4259 prefati

383 4310 494 4379 fratris
526 4313 628 4381 nostri
664 4310 805 4382 vassu
842 4314 981 4403 episoopi
1017 4315 1149 4402 pietatis
1179 4314 1300 4382 intuita
1334 4316 1545 4381 manuteneas
1580 4317 1614 4378 et
1649 4310 1775 4378 nullam
1811 4311 1866 4378 eis·

382 4448 564 4517 molestiam
577 4450 714 4537 irrogari
728 4450 905 4538 permittas.

426 4597 515 4667 Data
529 4596 620 4667 P1s1s
634 4620 696 4666 vn.
712 4598 786 4667 idus
801 4598 957 4669 Octobris.
