4125 5359
909 971 1089 1040 DOXXX.

326 1122 456 1190 BULL
482 1120 542 1189 OF
565 1120 686 1189 POPE
716 1119 887 1188 URBAN
916 1120 987 1188 ΙΠ.
1020 1120 1273 1190 GRANTING
1294 1121 1581 1189 PRIVILEGES
1607 1122 1666 1189 ΤΟ

885 1244 1106 1314 MARGAM.

743 1382 850 1473 [Bm.
868 1382 982 1451 Huni.
999 1382 1064 1451 ΟΠ.
1081 1385 1123 1449 75
1137 1383 1181 1451 A.
1199 1384 1247 1474 1.]
1415 1387 1456 1451 18
1470 1385 1571 1466 Nou,
1588 1387 1684 1451 1186.

303 1522 472 1589 Uunsnus
495 1522 660 1608 episeopus
684 1544 793 1588 servus
818 1544 982 1588 servorum
1005 1520 1070 1589 Dei
1093 1522 1218 1589 dileetio
1243 1523 1319 1589 filiis
1341 1522 1356 1611 [
1381 1574 1554 1591 ......
1579 1522 1594 1611 ]
1619 1523 1730 1590 ebbsti

258 1659 443 1728 monasterii
458 1660 498 1725 de
512 1659 668 1725 Meroen
682 1710 689 1724 .
706 1659 840 1746 ejusque
851 1657 1006 1727 fratribus
1016 1663 1086 1727 tem
1095 1659 1296 1747 presentibus
1306 1683 1405 1747 quem
1414 1661 1534 1729 futuis
1547 1662 1730 1750 regularem

259 1800 362 1866 vitem
375 1798 535 1886 professis.
566 1796 609 1863 In
623 1803 825 1884 perpetuum.

304 1936 503 2025 Religionem
531 1935 632 2001 vitem
658 1934 852 2023 eligentibus
875 1986 883 2001 .
906 1934 1116 2023 apostolieum
1143 1937 1294 2003 eonvenit
1321 1936 1430 2004 edesse
1457 1936 1664 2023 presidium.
1687 1960 1730 2003 ne

260 2076 345 2143 forte
360 2072 534 2161 cujuslibet
547 2072 738 2140 temeritatis
752 2072 898 2139 ineursue
913 2124 921 2140 .
938 2078 996 2139 eut
1010 2095 1064 2140 eos
1077 2095 1098 2139 e
1110 2073 1272 2161 proposito
1286 2078 1412 2141 revoeet
1428 2126 1436 2141 .
1452 2080 1510 2141 eut
1523 2074 1621 2143 robur
1642 2077 1731 2161 quod

261 2213 345 2281 absit
366 2234 452 2279 suere
473 2211 638 2298 religionis
660 2210 822 2299 infringat
837 2262 844 2277 .
861 2210 913 2277 Eo
926 2213 1058 2298 propter
1071 2211 1180 2277 dilecti
1194 2210 1230 2277 in
1251 2211 1383 2278 domino
1403 2211 1486 2280 filii.
1503 2212 1616 2278 vestris
1633 2212 1731 2300 justis

259 2348 527 2439 postrdutionibus
546 2348 719 2416 elementer
736 2348 933 2415 annuimus.
950 2352 984 2415 et
1000 2347 1164 2434 prefatum
1178 2348 1408 2416 monesterium
1423 2350 1464 2415 de
1483 2350 1639 2417 Minoes
1662 2402 1670 2417 .
1693 2352 1730 2419 in

260 2511 323 2577 quo
352 2487 463 2555 divino
493 2486 569 2553 estis
598 2485 749 2572 obsequio
777 2485 953 2572 meneipeti
978 2536 985 2551 .
1011 2484 1071 2553 sub
1099 2484 1187 2552 beati
1212 2485 1322 2553 Pnrru
1347 2492 1381 2554 et
1402 2448 1513 2555 nostro
1534 2489 1732 2574 protentione

260 2626 449 2713 suscipimus
473 2676 480 2691 .
504 2628 538 2691 et
558 2624 717 2710 presentis
738 2622 848 2711 soripti
869 2622 1040 2710 privilegio
1061 2624 1305 2691 eommunimus.
1358 2623 1536 2711 Inprimis
1572 2626 1730 2712 siquidem

260 2764 436 2829 statuentes
463 2813 469 2828 .
498 2766 537 2828 nt
566 2763 643 2828 ordo
669 2762 865 2829 monustious
893 2762 950 2848 qui
979 2764 1155 2829 seeundum
1183 2762 1293 2831 Deum
1324 2814 1330 2829 .
1361 2768 1395 2831 et
1423 2764 1510 2832 beati
1539 2764 1730 2831 Burnnrorr

260 2901 407 2988 regulum
431 2952 439 2966 .
462 2906 559 2987 etque
582 2900 819 2967 institutionem
843 2899 1131 2967 Orsrnnornusruu
1155 2900 1295 2967 fratrum
1317 2952 1325 2968 .
1344 2902 1381 2968 in
1404 2904 1516 2969 eodem
1538 2904 1732 2971 monasterio

260 3037 402 3103 nosoitur
437 3037 606 3104 institutus
636 3089 644 3104 .
682 3038 845 3125 perpetuis
880 3038 1002 3107 ibidem
1039 3039 1236 3127 temporibus
1271 3039 1500 3107 inviolabiliter
1536 3040 1729 3108 observetur.

260 3172 410 3241 Preteree
447 3196 662 3261 quoscumque
699 3175 908 3261 possessiones
938 3228 946 3242 .
979 3198 1179 3265 queeumque
1207 3176 1293 3244 bone
1321 3177 1408 3244 idem
1436 3180 1666 3245 monesterium
1694 3180 1731 3247 in

260 3312 492 3399 presentiarum
510 3311 596 3399 juste
614 3316 647 3378 et
667 3312 817 3379 eanoniee
836 3314 977 3400 possidet
993 3364 1000 3378 .
1017 3314 1125 3380 autin
1139 3313 1288 3381 futurum
1302 3318 1501 3384 oonoessione
1515 3318 1705 3405 pontificum
1720 3369 1728 3385 .

259 3449 431 3536 largitione
455 3471 571 3537 regum
594 3500 602 3516 .
626 3450 678 3515 vel
702 3450 885 3537 principum
909 3501 916 3517 .
940 3448 1102 3518 oblatione
1130 3452 1306 3519 fidelium.
1330 3476 1386 3521 seu
1410 3453 1483 3520 eliis
1507 3455 1605 3541 justis
1626 3456 1732 3522 modis

260 3590 422 3673 prestante
444 3586 575 3653 domino
596 3582 869 3671 poterit'edipisoi
890 3586 984 3653 firme
1006 3586 1096 3654 vobis
1117 3587 1293 3674 vestrisque
1314 3589 1543 3657 suecessoribus
1557 3596 1591 3659 et
1603 3591 1731 3659 illibate

258 3728 476 3811 permaneant.
521 3722 564 3790 In
588 3722 705 3809 quibus
728 3722 786 3790 hee
809 3723 947 3811 propriis
971 3724 1125 3791 duximus
1145 3724 1373 3811 experimenda
1391 3726 1562 3794 vooebulis.
1604 3728 1729 3797 Locum

258 3861 364 3949 ipsum
389 3862 425 3927 in
448 3882 513 3947 quo
535 3860 698 3947 prefatum
721 3861 951 3929 monesterium
977 3861 1077 3929 situm
1098 3868 1148 3930 est
1168 3885 1242 3930 eum
1262 3862 1412 3931 omnibus
1429 3866 1633 3952 pertinentiis
1652 3869 1727 3935 suis.

256 3996 310 4065 Ex
345 4000 430 4065 dono
466 3997 605 4065 filiorum
637 3997 824 4066 Hnnsrnm
859 4003 979 4066 terrem
1014 4001 1056 4068 de
1085 3999 1277 4068 Knniun.
1336 4000 1392 4068 Ex
1420 4003 1505 4069 dono
1534 4002 1725 4071 Wunsuur

257 4136 450 4205 sosimas
478 4188 485 4203 .
510 4141 544 4205 et
579 4136 765 4205 Hnsnnnrr
801 4136 994 4205 Sensimus
1025 4190 1031 4205 .
1059 4144 1093 4206 et
1129 4138 1264 4205 Roosm
1300 4142 1341 4206 de
1376 4138 1546 4208 Annsrnu
1574 4190 1580 4199 .
1607 4147 1727 4210 terrem

258 4274 445 4342 Lurounur
462 4326 470 4341 .
487 4298 560 4342 oum
581 4275 730 4343 omnibus
748 4276 951 4363 pertinentiis
972 4276 1047 4345 suis
1092 4276 1148 4344 Ex
1169 4279 1254 4345 dono
1274 4275 1437 4345 Hueours
1450 4280 1491 4345 de
1505 4278 1726 4348 Hunnroun.

258 4418 376 4481 terrem
397 4436 460 4501 que
479 4418 528 4481 est
546 4414 582 4479 in
604 4413 764 4481 territorio
784 4415 824 4481 de
844 4412 1018 4481 Kuunmo.
1064 4412 1120 4480 Ex
1138 4415 1224 4481 dono
1242 4413 1453 4501 brugensium
1474 4416 1515 4480 de
1535 4413 1724 4483 Kurnme.

256 4556 375 4619 terrum
389 4574 452 4637 que
466 4555 514 4619 est
531 4550 567 4619 in
584 4550 744 4619 territorio
762 4552 908 4639 ejusdem
927 4552 1013 4620 ville.
1058 4550 1114 4619 Ex
1133 4554 1218 4619 dono
1238 4551 1409 4622 Wnnrnsr
1427 4549 1566 4618 Lusum
1582 4602 1589 4617 .
1605 4557 1725 4621 terrem

257 4710 319 4775 que
342 4694 390 4756 est
406 4688 442 4756 in
461 4688 621 4757 territorio
639 4688 734 4756 Novr
750 4689 915 4757 Onerum
931 4740 940 4756 .
959 4687 1166 4779 Burgegium
1180 4712 1283 4756 unum
1297 4690 1334 4756 in
1347 4689 1525 4757 Onmnnrs.
1571 4690 1626 4757 Ex
1640 4692 1726 4760 dono

257 4822 412 4892 Renum
432 4824 493 4891 ulii
506 4822 702 4891 Turonum
716 4823 808 4891 eliud
819 4822 1026 4913 burgagium.
1066 4823 1122 4891 Ex
1134 4825 1222 4892 dono
1241 4823 1417 4891 Brennum
1432 4823 1612 4891 Bonorum
1627 4875 1634 4889 .
1651 4848 1727 4893 eum
1779 4836 1784 4845 '
