4125 5359
200 881 290 970 opud
308 881 513 950 common
532 903 654 949 novom
673 903 736 948 vn.
751 902 841 950 eorus
853 881 889 952 in
903 887 1093 970 perpetuom
1106 882 1314 951 elemosinam
1326 881 1463 952 hinorum
1476 887 1510 952 st
1524 882 1669 972 quietem

201 1019 243 1088 sb
256 1019 348 1088 omni
360 1019 491 1088 servitio
504 1023 539 1086 et
552 1018 686 1088 muloti
700 1018 868 1086 exustione
891 1068 898 1085 .
922 1019 1006 1086 deut
1018 1019 1088 1086 ulls
1101 1019 1276 1088 elemosina
1289 1019 1421 1090 liberius
1434 1021 1538 1090 tene-i
1551 1024 1666 1110 potest.

201 1157 249 1224 Et
262 1156 323 1226 hoe
336 1161 443 1226 totum
457 1156 738 1226 umentisebimus
751 1157 798 1224 eis
811 1179 874 1246 ego
887 1164 922 1225 et
934 1157 1067 1224 heredes
1080 1157 1145 1224 mei
1158 1157 1412 1244 imperpetuum·
1450 1155 1610 1226 Testibus.

247 1317 451 1388 sesnes-⁴
460 1318 560 1388 one
572 1317 697 1408 Reges
712 1319 790 1388 0010
802 1319 844 1387 ee
858 1341 920 1386 vu.
936 1319 1018 1386 me
1030 1319 1119 1406 epus
1136 1285 1269 1386 Novem
1283 1317 1482 1388 euenum?

856 1605 1020 1677 Dchv.

205 1769 370 1839 emo?
401 1769 469 1839 ΒΥ
502 1767 663 1838 Rosos
699 1769 820 1839 coln}
856 1768 916 1838 ΤΟ
953 1767 1165 1838 MARGAM
1201 1767 1262 1836 OF
1297 1768 1332 1838 A
1368 1767 1496 1838 FREE
1531 1767 1676 1840 TENF,

312 1906 450 1976 ΜΕΝΤ
467 1907 523 1976 IN
536 1906 840 1990 Nuwcssssm,
855 1905 989 1976 WITH
1010 1906 1111 1974 THE
1131 1905 1367 1975 SANGPION
1386 1907 1448 1975 ΟΕ
1462 1907 1676 1994 MORGAN,

313 2045 398 2114 HIS
427 2044 578 2113 omns*
607 2045 747 2128 nom),

789 2194 962 2284 [Peneion
979 2193 1095 2282 Mes]

248 2359 388 2427 Noverit
401 2359 594 2426 universitas
614 2363 721 2426 vestre
741 2381 795 2426 me
818 2358 943 2425 dedisse
965 2363 998 2424 et
1019 2357 1205 2424 eoneessisee
1227 2357 1299 2426 Deo
1318 2363 1352 2426 et
1377 2359 1479 2428 Beete
1501 2360 1623 2428 Mem
1645 2367 1679 2432 ot

207 2496 372 2567 monoohis
385 2498 426 2565 de
439 2495 595 2565 Msnosn
609 2548 617 2564 .
629 2496 762 2565 oonsilio
776 2501 810 2564 et
824 2517 981 2564 eonsensu
994 2495 1118 2563 domini
1132 2497 1196 2563 mei
1210 2495 1379 2565 Menum
1395 2503 1428 2565 et
1442 2498 1592 2588 eonjugis
1606 2522 1678 2568 mee

208 2641 242 2702 et
254 2635 395 2707 illiorum
409 2657 469 2722 pro
490 2634 594 2703 solute
616 2634 724 2703 enime
745 2656 817 2701 mee
838 2637 872 2701 et
893 2641 1128 2700 unteoeesorum
1142 2634 1182 2700 de
1197 2633 1298 2702 libero
1312 2639 1498 2704 tenemento
1512 2658 1584 2704 meo
1598 2641 1678 2726 oput

210 2773 414 2840 Ciminum
429 2771 562 2840 Novom
576 2772 660 2840 hune
670 2778 790 2839 terrum
805 2771 842 2838 in
855 2774 1046 2859 perpetuom
1060 2771 1268 2840 elemosinem
1281 2772 1417 2840 liberum
1431 2777 1465 2841 et
1480 2775 1623 2861 quietem
1637 2775 1680 2843 sb

208 2911 298 2978 omni
325 2911 458 2978 servitio
487 2915 520 2978 et
545 2909 679 2978 seouluii
705 2909 881 2977 exsotione.
927 2909 1001 2983 Que
1022 2909 1172 2976 videlieet
1194 2915 1280 2979 terre
1301 2909 1398 2978 hebet
1420 2911 1462 2978 ed
1483 2911 1679 2980 oooidentem

208 3050 315 3115 rivum
329 3048 387 3134 qui
400 3053 533 3115 voostur
546 3045 802 3114 Ennnnnnonnn
819 3047 922 3115 Issen
940 3053 973 3114 et
986 3047 1093 3114 tendit
1108 3049 1150 3114 od
1165 3048 1320 3114 orientem
1335 3069 1443 3114 versem
1458 3047 1678 3117 Wmnnnnn.

209 3190 258 3253 set
281 3208 349 3254 non
370 3185 529 3273 pertingit
549 3185 628 3252 illue
651 3235 659 3251 .
687 3189 720 3252 et
741 3185 785 3251 sd
809 3184 1095 3273 septentrionalem
1117 3190 1241 3272 purtem
1264 3182 1363 3252 hebet
1387 3184 1507 3252 divisse
1530 3189 1616 3253 teme
1638 3187 1680 3254 de

209 3318 405 3390 Comncsnn
434 3373 443 3390 .
473 3328 507 3391 et
527 3328 674 3391 ausuum
694 3321 809 3410 insipit
830 3323 958 3389 enitere
978 3335 1042 3408 qne
1068 3323 1158 3388 vadit
1180 3323 1328 3389 deorsum
1355 3371 1363 3389 .
1394 3344 1504 3390 versus
1524 3343 1679 3412 megnsm

209 3459 298 3528 vium
317 3457 412 3526 Nom
434 3459 610 3529 Cosmum.
655 3458 774 3527 'Potum
794 3459 892 3525 istum
913 3465 1033 3526 tersum
1055 3457 1130 3526 dedi
1150 3457 1302 3546 predictis
1318 3459 1483 3527 monsohis
1497 3461 1578 3528 siout
1594 3462 1680 3530 inter

209 3595 270 3664 hes
293 3597 412 3664 divisos
438 3597 621 3665 continetur
645 3619 714 3684 pro·
730 3567 823 3662 111J⁴⁰¹·
852 3596 936 3662 emis
962 3646 970 3662 .
997 3602 1081 3662 ten-o
1108 3595 1174 3662 sive
1199 3596 1273 3684 plus
1300 3647 1306 3663 .
1334 3597 1400 3665 eive
1425 3599 1533 3664 minus
1559 3597 1680 3666 ibidem

211 3734 377 3802 habentur.
422 3734 469 3802 Et
490 3736 568 3821 quie
588 3758 649 3824 ego
671 3734 816 3822 sigillum
835 3756 903 3800 nen
917 3734 1017 3800 hebui
1034 3785 1041 3798 .
1058 3733 1165 3820 sigillo
1179 3734 1303 3802 domini
1316 3735 1381 3801 mei
1400 3735 1567 3803 Menum
1591 3786 1599 3802 .
1622 3735 1680 3823 qui

211 3871 310 3938 miehi
331 3872 511 3960 prediotum
528 3877 751 3940 tenementum
772 3872 864 3940 dedit
885 3895 943 3958 pro
960 3847 1033 3938 meo
1055 3872 1183 3938 servitio
1207 3922 1214 3936 .
1234 3871 1318 3939 hene
1339 3879 1460 3940 eutem
1481 3873 1678 3962 oonsignev'u

212 4008 325 4077 Abbus
335 4031 410 4077 vero
419 4010 554 4098 predioti
568 4009 630 4078 looi
645 4015 679 4077 et
689 4009 840 4076 monaehi
850 4031 921 4077 mee
931 4009 1113 4076 neeessiteti
1127 4008 1357 4098 oompstientes
1370 4061 1377 4078 .
1389 4031 1492 4078 unum
1502 4009 1679 4080 bisentium

212 4145 371 4213 dederunt
391 4146 428 4213 in
450 4145 551 4235 hujus
570 4147 824 4234 reoognitionem
845 4144 1038 4212 donationis.
1084 4145 1162 4212 Hiis
1184 4147 1328 4214 testibus.

256 4307 460 4378 Entitled-‘
470 4309 569 4378 cirta
583 4309 706 4400 Rogeri
719 4309 797 4378 Ools
812 4310 853 4377 de
867 4332 936 4377 ιω.
952 4311 1034 4378 aeris
1048 4311 1136 4400 opud
1151 4309 1284 4380 Novum
1298 4311 1496 4382 Castellum!
