4125 5359
1630 614 1674 680 47

242 936 436 1023 honorisque
451 934 501 1001 sui
516 932 676 1021 dignitate
695 935 811 1012 careat,
826 952 977 1017 reamque
991 953 1025 997 11
1040 929 1151 997 divino
1171 928 1295 1017 judicio
1316 926 1451 995 existere
1473 928 1514 994 dc
1533 934 1717 1015 perpetrata

243 1075 415 1164 iniquitate
430 1075 609 1162 cognoscat,
625 1075 659 1139 et
672 1095 693 1138 a
707 1070 918 1139 sacratissimo
932 1090 1062 1157 corpore
1075 1091 1113 1135 11
1127 1066 1285 1154 sanguine
1299 1065 1364 1133 Dei
1377 1070 1411 1134 ct
1425 1066 1548 1133 domini
1569 1067 1716 1154 redemp-

240 1214 321 1283 toris
332 1212 434 1281 nostri
448 1211 472 1281 J
473 1232 561 1281 1111111
585 1210 727 1279 01111111
743 1209 849 1277 aliena
862 1208 930 1289 lint,
945 1212 1043 1294 atque
1057 1206 1093 1271 in
1108 1211 1252 1273 extremo
1268 1204 1417 1272 examine
1437 1204 1580 1271 districte
1596 1204 1716 1271 ultioni

242 1350 416 1440 subjaceat.
462 1349 596 1416 Ormctis
609 1351 719 1415 antem
733 1347 838 1413 eidem
853 1344 981 1413 ecclesie
996 1344 1086 1431 justa
1099 1342 1310 1425 servandbm,
1325 1342 1369 1409 sit
1382 1364 1447 1429 pax
1469 1341 1593 1409 domini
1614 1342 1717 1409 nostri

240 1488 265 1559 J
265 1510 355 1555 nasu
374 1486 517 1553 01111111
540 1488 699 1573 qnatenus
713 1490 746 1551 et
760 1482 813 1550 hic
827 1482 970 1557 irnctum
984 1478 1068 1548 bone
1082 1479 1217 1546 actionis
1230 1478 1420 1565 percipiant,
1435 1482 1469 1545 et
1482 1478 1570 1564 apud
1591 1477 1716 1545 dictum

242 1623 386 1714 jndicem
400 1624 525 1712 premia
538 1627 647 1691 stema
661 1620 748 1709 pacis
762 1619 939 1687 inveniant.
985 1618 1104 1685 Amen.

289 1756 364 1844 Ego
380 1756 527 1837 Oalixtus
541 1754 705 1823 catholicae
720 1753 858 1821 ccclesia
873 1753 1048 1840 episcopus.
1093 1751 1127 1819 S.

253 1867 255 1871 ’
287 1890 413 1959 Datum
435 1892 610 1959 Sccssronr
631 1912 689 1977 per
709 1910 843 1956 manum
871 1886 1059 1955 Gmsoconr
1089 1886 1217 1954 Sancta
1244 1886 1406 1954 Romana
1434 1886 1563 1953 ecclesie
1588 1884 1716 1951 diaconi

239 2030 422 2100 cardinalis
436 2054 474 2099 ac
487 2016 730 2109 bibliothecarii,
751 2048 851 2107 ma,
873 2024 1016 2106 Kalend,
1039 2024 1226 2091 Novnmnn.
1271 2025 1455 2093 Indictione
1482 2046 1560 2091 x111.
1605 2022 1716 2089 Incar-

240 2168 385 2238 naoionie
398 2167 568 2235 dominicae
584 2188 669 2233 anno
683 2164 854 2231 millesimo
869 2162 1042 2231 centesimo
1056 2184 1174 2229 xvnu.
1229 2162 1444 2231 Pontificatus
1458 2169 1568 2229 antem
1582 2160 1718 2229 Domini

241 2304 387 2373 (lanum
403 2304 534 2373 secundi
548 2314 588 2371 a⁰·
614 2303 728 2391 primo.

763 2437 862 2525 (Roas
876 2437 959 2507 LL.
975 2461 1030 2527 pp.
1047 2438 1101 2519 85,
1118 2438 1207 2525 657.)

926 2725 1035 2795 DLV.

239 2866 423 2949 URBAN,
468 2865 644 2934 BISHOP
693 2864 753 2933 OF
789 2862 1061 2944 LLAN'DAFF,
1106 2860 1166 2931 TO
1207 2860 1327 2929 POPE
1373 2860 1613 2929 afflans
1654 2859 1717 2943 11„

352 2988 596 3059 INVOKING
627 2988 715 3057 ΑΗ)
750 2986 959 3057 naemei*
997 2986 1097 3054 THE
1132 2984 1330 3055 BISHOPS
1363 2985 1423 3052 OF
1453 2984 1717 3054 HEREFORD

351 3116 454 3185 AND
488 3114 551 3183 ST.
578 3113 779 3183 DAVID’S.

600 3250 749 3340 [conon
766 3248 862 3317 MSS.
906 3249 1097 3318 annmns
1111 3248 1196 3317 QX.
1211 3249 1235 3316 f.
1253 3251 1296 3315 40
1310 3248 1361 3337 b.]
1433 3249 1555 3315 Arrcn
1576 3250 1669 3315 1119.

284 3389 473 3459 Venerabili
509 3390 660 3456 Onnmno
696 3388 869 3475 apostolico
905 3392 940 3455 11
974 3388 1076 3454 totins
1112 3386 1366 3455 Christianitatis
1410 3408 1535 3454 summo
1580 3392 1717 3475 patrono

240 3528 412 3596 Uarenus
434 3527 678 3595 Lennavarrsm
700 3524 839 3593 eoelesiae
856 3524 1022 3613 episcopus
1036 3524 1131 3591 fidele
1146 3525 1312 3592 servitium
1326 3531 1360 3593 11
1374 3525 1533 3592 orationes
1546 3523 1680 3591 debitas.

283 3663 428 3731 Ecclesia
446 3662 521 3744 Dei,
541 3666 713 3749 nostraque
732 3659 792 3730 sub
812 3660 883 3730 Deo
901 3668 934 3729 11
953 3662 1044 3730 vobis
1065 3666 1179 3729 veetrco
1198 3661 1422 3730 misericordiae
1440 3666 1474 3727 et
1495 3660 1610 3749 pietati
1631 3660 1716 3729 hanc

239 3800 356 3889 dirigit
369 3800 547 3888 epistolam,
564 3799 750 3888 suppliciter
764 3803 868 3887 rogat,
884 3804 923 3867 ut
943 3822 1002 3887 pro
1022 3822 1148 3867 summo
1167 3822 1258 3893 rege,¹
1269 3799 1428 3881 01111111,
1444 3822 1516 3867 cam
1533 3799 1716 3887 precipiatis

238 3938 415 4028 diligenter
424 3936 516 4004 vobis
529 3936 657 4005 recitari
671 3940 704 4003 11
718 3936 839 4005 avobis
853 3937 1099 4005 misericorditer
1114 3937 1270 4005 exaudiri.
1300 3937 1335 4003 A
1348 3942 1493 4025 tempore
1506 3939 1715 4025 antiquorum
1754 3911 1757 3916 ‚

238 4080 370 4164 patrum
396 4074 600 4142 dilectissime
625 4078 717 4162 pater
742 4078 776 4142 11
804 4075 935 4141 domins
965 4075 1048 4142 siout
1073 4075 1292 4163 cyrografum¹
1327 4075 1430 4142 sancti
1455 4075 1584 4162 patroni
1612 4076 1715 4143 nostri
1760 4066 1763 4078 ¹

239 4212 390 4281 Tnnmm
414 4216 551 4279 testatur
575 4211 645 4281 haec
670 4212 801 4279 ecclesia
820 4212 964 4299 predicta
989 4211 1080 4300 princ
1104 4213 1243 4280 tundata
1267 4213 1303 4279 in
1327 4213 1448 4281 honore
1476 4213 1579 4281 sancti
1604 4212 1713 4281 anm

239 4349 377 4437 apostoli
396 4349 534 4416 aliarum
553 4350 699 4417 omnium
720 4348 923 4417 aeclesiarum
944 4348 1092 4417 (innam
1110 4372 1234 4437 semper
1253 4350 1409 4439 magistra
1422 4350 1533 4418 extitit
1548 4351 1585 4417 in
1604 4351 1712 4439 digni-

239 4490 307 4555 tate
322 4491 355 4554 et
369 4486 405 4553 in
419 4486 509 4553 omni
522 4485 702 4573 privilegio,
717 4487 819 4555 donec
836 4489 970 4555 tandem
991 4511 1053 4576 per
1066 4488 1239 4556 seditiones
1252 4493 1286 4555 11
1299 4494 1350 4555 tot
1366 4488 1525 4556 bellorum
1542 4488 1669 4575 flagitia
1683 4493 1717 4557 et

239 4622 419 4691 inveterato
433 4626 627 4717 antecessore
642 4644 714 4691 meo
732 4621 938 4692 Hnawnano
960 4629 994 4692 et
1013 4624 1090 4692 inde
1104 4625 1284 4707 debilitato,
1299 4625 1430 4693 ecclesia
1443 4625 1529 4712 cepit
1541 4624 1714 4706 debilitari,

237 4758 355 4827 otiare
370 4758 503 4825 viduata
517 4762 644 4846 pastore
658 4764 692 4827 et
706 4758 904 4829 annichilata
920 4760 1151 4850 indigenarum
1172 4762 1361 4830 erudelitate
1375 4768 1409 4831 et
1424 4762 1590 4830 invasione
1604 4784 1713 4849 super·

1876 4725 1895 4780 l
