4125 5359
1004 871 1206 941 onvm.

365 1058 530 1127 eum
559 1058 626 1126 BY
656 1058 859 1126 LEUUAR
886 1057 976 1125 SON
1005 1058 1067 1127 OF
1091 1060 1283 1129 rmum
1312 1061 1371 1131 ΤΟ
1400 1062 1618 1145 MARGAN,
1644 1061 1705 1130 OF
1734 1062 1835 1131 'an

787 1195 922 1263 LAND
952 1195 1085 1265 WEST
1114 1198 1175 1265 OF
1206 1198 1411 1267 FRUDEL.

947 1383 1120 1473 [Pnuurcr
1135 1386 1250 1475 MSS]
1377 1422 1392 1436 -
1449 1386 1538 1455 ΑΒ.
1565 1388 1790 1455 1149-1183.

405 1548 516 1616 Sciant
531 1570 641 1616 omnes
656 1550 742 1635 quod
757 1571 818 1636 ego
832 1546 981 1615 mucra
997 1548 1083 1615 iilius
1097 1547 1242 1617 Mnuurr
1255 1550 1359 1617 clamo
1371 1550 1514 1637 quietavi
1525 1557 1628 1617 totam
1638 1556 1757 1617 terram
1770 1574 1832 1639 que

360 1686 444 1773 jacet
471 1708 512 1753 ex
537 1690 629 1773 parte
655 1686 827 1753 occidentis
853 1686 998 1753 Fanum
1022 1738 1029 1753 .
1053 1709 1152 1773 quam
1173 1687 1265 1753 tenui
1286 1686 1328 1753 de
1348 1685 1494 1753 Abbatia
1512 1689 1554 1753 de
1577 1686 1733 1789 Manem
1756 1738 1764 1753 .
1789 1688 1831 1754 ad

360 1846 491 1891 censum
506 1824 613 1890 dando
628 1824 798 1890 annuatim
818 1824 899 1890 duos
916 1844 1067 1889 nummos
1085 1846 1144 1911 pro
1164 1845 1238 1890 acra
1256 1828 1289 1890 et
1309 1822 1370 1890 boc
1389 1825 1432 1891 ed
1452 1825 1635 1891 terminum
1682 1824 1833 1891 Preterca
1897 1878 1903 1897 ,
2037 1831 2041 1882 ἶ

360 1983 421 2048 ego
435 1968 469 2028 et
482 1960 598 2027 frames
613 1962 696 2027 mei.
714 1962 833 2027 scilicet
845 1961 1011 2028 Osnucnn
1027 1966 1061 2026 et
1075 1959 1163 2027 Ivou
1177 1966 1210 2027 et
1225 1959 1369 2027 Ouum
1384 1961 1559 2027 clamamus
1569 1960 1713 2047 quietam
1727 1967 1831 2028 totam

358 2106 477 2163 terrem
497 2099 554 2184 qui
572 2097 659 2185 jacet
677 2098 763 2164 inter
784 2097 908 2164 Ruunt
929 2102 962 2164 et
983 2098 1128 2163 Funere
1147 2098 1183 2163 in
1202 2098 1301 2183 plano
1320 2102 1354 2163 et
1372 2097 1466 2164 bocco
1489 2120 1563 2164 cum
1586 2099 1712 2185 psscnis
1732 2120 1831 2185 quam

355 2236 521 2303 tenuimus
541 2236 581 2302 de
602 2233 747 2303 Abbatia
766 2235 807 2301 de
827 2235 983 2302 Murcus
1002 2286 1010 2301 .
1033 2235 1075 2301 nd
1094 2256 1233 2301 censum.
1279 2233 1353 2300 Has
1367 2238 1469 2300 terras
1482 2234 1641 2321 predictus
1654 2235 1831 2302 clamamus

355 2373 481 2461 quietas
500 2394 574 2439 cum
587 2370 673 2438 bc‘na
687 2394 764 2460 pace
779 2379 812 2438 et
829 2423 835 2438 .
853 2377 968 2459 sponte
983 2376 1094 2439 nostre
1112 2372 1298 2458 abjurantes
1319 2372 1392 2437 illas
1413 2372 1448 2437 iu
1470 2378 1662 2458 perpetuum
1681 2378 1750 2438 tam
1771 2394 1829 2460 pro

356 2509 448 2577 nobis
471 2532 568 2597 quem
590 2509 820 2597 procmnibus
846 2508 1033 2596 parentibus
1058 2512 1176 2577 nosmis
1200 2512 1402 2598 presentibus
1424 2516 1457 2577 et
1478 2511 1590 2577 tuturo
1613 2560 1621 2576 .
1643 2511 1829 2598 juramento

354 2648 442 2715 fecto
464 2670 572 2714 coram
594 2646 779 2713 Ronnumo
800 2653 879 2714 tunc
900 2648 1085 2716 vicecomite
1107 2649 1147 2715 de
1170 2647 1302 2715 Osann*
1316 2654 1350 2716 et
1365 2650 1453 2715 omni
1469 2646 1638 2717 Wunnusr
1660 2648 1828 2717 hundredo

356 2786 526 2853 comitatus
541 2786 581 2852 de
595 2771 762 2852 Murcus.
807 2784 854 2851 Et
873 2787 961 2872 quod
981 2786 1101 2852 erimus
1120 2807 1178 2873 pro
1199 2784 1347 2853 omnibus
1361 2784 1547 2852 hominibus
1561 2786 1588 2852 si
1602 2786 1670 2854 nllc
1684 2790 1827 2873 ternpore

354 2922 471 3010 aliquis
494 2945 547 2989 ecs
573 2922 786 3009 calumpniari
811 2923 1040 3009 presumpserit
1064 2946 1105 2988 ex
1131 2927 1222 3008 parte
1245 2924 1346 3009 petris
1365 2924 1417 2990 vel
1439 2924 1553 2991 matria
1569 2928 1687 2990 nostre.
1733 2922 1827 2989 Etsi

354 3061 427 3147 quis
441 3082 494 3125 eas
508 3060 746 3147 calumpniatus
761 3060 858 3127 fuerit
872 3060 929 3145 qui
943 3081 1009 3125 non
1025 3060 1067 3126 sit
1089 3061 1130 3126 de
1151 3061 1318 3147 parentela
1338 3064 1448 3127 nostre
1469 3060 1556 3147 quod
1577 3082 1636 3126 nes
1656 3082 1715 3147 prc
1735 3082 1827 3147 posse

353 3202 460 3264 nostro
483 3196 652 3263 consilium
678 3202 711 3264 et
737 3195 895 3263 amilium
925 3196 1130 3283 probabimus
1155 3198 1197 3264 ad
1222 3197 1442 3264 defensionem
1471 3196 1609 3265 abbatie.
1673 3196 1825 3265 Preteree

352 3339 466 3401 notum
489 3334 531 3401 sit
558 3332 707 3401 omnibus
733 3334 818 3421 quod
843 3356 902 3399 nos
927 3336 974 3399 ite
998 3333 1217 3420 abjuravimus
1238 3339 1340 3401 terras
1362 3334 1522 3421 predictus
1546 3334 1632 3421 quod
1657 3356 1825 3422 nunquam

351 3474 490 3561 amplius
504 3472 629 3558 aliquis,
646 3494 687 3539 ex
701 3471 794 3538 nobis
807 3494 912 3559 neque
927 3474 967 3538 de
981 3474 1169 3559 parentibus
1190 3474 1307 3540 nostris
1328 3495 1382 3539 eas
1400 3471 1525 3541 tenebit
1546 3494 1651 3559 neque
1665 3475 1707 3540 de
1722 3496 1822 3562 rege.

349 3633 455 3697 neque
491 3611 532 3677 de
568 3610 684 3677 comite
710 3660 718 3676 .
744 3631 849 3697 neque
878 3610 919 3677 de
949 3610 1059 3695 aliquo
1087 3610 1219 3677 dominc
1247 3609 1477 3677 huucmrrs
1506 3611 1558 3677 vel
1586 3610 1744 3682 Ancum
1772 3610 1824 3678 vel

352 3748 531 3819 Wscnnsr.
583 3747 630 3813 Et
652 3768 748 3835 super
769 3746 828 3813 hec
850 3747 959 3813 omnia
984 3798 991 3813 .
1019 3748 1278 3815 confirmavimus
1299 3746 1383 3814 hcc.
1405 3748 1442 3813 iu
1454 3748 1599 3833 plenario
1614 3748 1770 3816 comitatu
1784 3750 1824 3817 de

350 3886 485 3955 Osunrr
501 3938 508 3953 .
525 3885 608 3954 etin
622 3907 756 3953 manum
771 3886 913 3973 cepimus
928 3908 1023 3973 super
1036 3890 1143 3953 totum
1157 3887 1294 3954 feudum
1313 3890 1469 3953 uestrum.
1514 3884 1562 3951 Et
1583 3886 1661 3971 quia
1680 3908 1741 3953 nos
1761 3888 1824 3975 ipsi

349 4023 458 4113 sigilla
481 4045 547 4091 uon
570 4021 743 4089 babuimus
774 4072 782 4089 .
814 4022 922 4112 sigillo
946 4020 1158 4112 N[rcucm1]
1182 4022 1426 4091 Lsuonvrusrs
1447 4022 1586 4110 episcopi
1618 4072 1627 4089 .
1659 4029 1693 4090 et
1714 4023 1823 4112 sigillo

350 4161 487 4251 predicti
508 4160 688 4228 Bonnam
710 4160 770 4227 filii
792 4158 965 4228 Gnnoonu
987 4166 1066 4228 tunc
1087 4161 1282 4229 vicecomitis
1295 4163 1337 4229 de
1352 4159 1599 4228 flmmeum
1618 4160 1823 4248 ,predictum

351 4300 435 4367 hanc
463 4302 607 4365 nostram
633 4298 867 4365 concessionem
899 4298 1179 4365 corroboravimus
1225 4296 1272 4365 m
1291 4321 1350 4386 pro
1369 4297 1430 4365 hec
1449 4296 1653 4386 abjuratione
1673 4298 1822 4365 monachi

349 4438 510 4503 dedenmt
523 4434 623 4503 michi
637 4436 710 4501 nu
731 4434 849 4503 solidos
862 4458 921 4522 pro
941 4436 999 4503 illc
1013 4441 1101 4503 terra
1117 4458 1181 4523 que
1197 4436 1283 4523 jacet
1299 4458 1343 4503 ex
1358 4440 1451 4525 purte
1467 4435 1630 4503 occidente
1643 4433 1789 4503 henna
1811 4486 1820 4503 .

350 4580 384 4643 et
397 4598 457 4665 pro
470 4575 528 4643 ille
542 4596 606 4661 que
619 4571 706 4662 jacet
720 4574 806 4641 inter
820 4572 945 4640 Reum
954 4572 992 4640 'et
1003 4573 1149 4641 Fanum
1160 4572 1259 4642 michi
1269 4578 1303 4642 et
1313 4571 1469 4641 iratribus
1476 4572 1557 4640 meis
1564 4576 1703 4661 quatuor
1712 4570 1819 4640 libras

350 4712 466 4801 Hujus
478 4712 526 4780 rei
540 4710 643 4801 plegii
657 4714 734 4779 suut
747 4712 910 4801 predictus
924 4709 1130 4780 &ussurus
1140 4712 1322 4781 vicecomes.
1345 4711 1509 4779 Psennos
1520 4712 1561 4778 de
1571 4709 1819 4778 murmur.
