4125 5359
425 525 466 595 12

382 830 563 932 predictum
577 847 625 911 est
638 842 766 932 jejunio
781 846 815 912 et
829 842 975 911 omnious
989 845 1022 910 et
1037 842 1219 909 elemosina.
1264 840 1312 908 Et
1321 841 1452 929 insuper
1462 842 1623 929 promittit
1636 865 1671 910 se
1684 865 1853 930 nunquam

382 982 448 1049 tsle
473 981 553 1068 quid
574 980 713 1069 emplius
733 980 896 1047 foetuum
921 983 956 1047 et
980 1002 1013 1047 se
1036 979 1072 1045 in
1095 978 1245 1046 omnibus
1264 980 1407 1067 regalem
1425 979 1588 1067 justitium
1609 980 1856 1047 miserieonliter

382 1122 539 1201 eoturum,
561 1118 676 1206 juncte
694 1118 725 1185 ei
741 1117 929 1206 paenitentie
948 1118 991 1185 sd
1008 1119 1142 1184 modum
1160 1116 1341 1184 feeinorum
1360 1122 1394 1184 et
1414 1117 1458 1184 ed
1475 1116 1564 1185 illius
1583 1118 1798 1204 quantitatem
1819 1122 1854 1186 et

384 1256 575 1344 qualitatem
593 1256 782 1343 potentium,
803 1259 837 1323 et
855 1256 932 1322 dete
951 1254 1013 1322 sibi
1034 1254 1258 1321 eommunione
1279 1246 1463 1335 ohristiine,
1485 1253 1595 1322 eblnte
1614 1254 1704 1342 prius
1728 1253 1790 1322 sibi
1812 1256 1856 1324 nb

385 1394 532 1484 episeopo
546 1393 705 1462 Ouoocno
719 1394 871 1461 olemevit
890 1398 955 1461 tres
974 1392 1240 1480 oongregotiones
1259 1391 1392 1474 Osroer,
1407 1391 1542 1474 Inuum,
1558 1392 1718 1462 Deorum
1739 1393 1857 1462 liberm

335 1542 337 1547 '
386 1530 429 1602 ab
443 1534 533 1602 omni
546 1533 649 1621 reguli
663 1532 796 1600 servioio
810 1531 882 1599 Deo
896 1536 930 1599 et
943 1529 1063 1598 Suneto
1077 1529 1233 1608 Turrino
1269 1530 1441 1597 Duemcro
1481 1529 1640 1596 Ounocno
1653 1536 1688 1598 et
1708 1530 1859 1599 omnibus

387 1669 617 1738 suooessoribue
631 1669 705 1751 nris,
717 1671 751 1735 et
762 1668 811 1737 ite
825 1690 899 1735 oum
913 1666 1002 1735 omni
1016 1690 1075 1755 sus
1089 1666 1250 1754 dignitate
1264 1671 1299 1735 et
1311 1667 1481 1754 privilegio
1495 1671 1678 1735 onustorum
1692 1667 1857 1735 Dounion

387 1804 539 1875 Tnnmm
552 1806 588 1873 in
602 1810 758 1894 perpetuo
772 1804 1007 1873 oonseomtione
1021 1804 1150 1873 eeolesie
1167 1803 1372 1884 Limine,
1387 1808 1421 1871 et
1434 1809 1541 1871 utrem
1554 1804 1662 1872 mellis
1674 1810 1707 1871 et
1720 1803 1859 1872 lebetem

385 1944 600 2032 ferreumque
615 1945 745 2013 eoelesis
759 1944 861 2013 saneti
875 1944 999 2011 Innom
1018 1944 1090 2032 regi
1110 1942 1249 2011 debebat
1266 1943 1410 2029 reddere,
1430 1942 1575 2027 quietem
1597 1942 1670 2009 Rex
1689 1942 1858 2010 Morem

296 2114 299 2119 ·
387 2052 539 2149 olemsvit
552 2082 621 2149 sine
635 2082 709 2163 line,
725 2086 759 2149 et
772 2082 861 2150 vovit
874 2079 947 2149 Deo
961 2085 995 2149 et
1010 2080 1168 2148 Ouoocno
1182 2081 1218 2147 in
1232 2080 1373 2167 presenti
1387 2080 1511 2166 synodo
1530 2103 1699 2166 nunquam
1711 2081 1748 2147 in
1762 2084 1859 2148 antee

387 2218 423 2286 in
438 2219 547 2307 ulique
562 2219 722 2287 dominari
733 2219 769 2287 in
784 2218 889 2287 tribus
902 2217 1215 2307 oongregetionibus‚
1229 2240 1289 2285 neo
1302 2218 1338 2283 iu
1353 2239 1464 2284 eorum
1478 2217 1728 2304 possessionibus
1745 2241 1805 2286 nee
1822 2219 1861 2286 in

385 2354 523 2445 rehrgiie
547 2357 706 2425 violandis
731 2379 836 2444 nsque
861 2356 992 2445 glebam
1011 2379 1113 2424 uuam
1134 2356 1236 2423 seiens
1256 2378 1402 2443 unqunm
1423 2354 1590 2423 abluturus
1614 2357 1649 2423 ri
1670 2361 1729 2424 eut
1749 2356 1859 2444 ulique

387 2494 474 2562 mnlo
487 2494 620 2583 ingenio
634 2496 675 2561 de
690 2493 755 2561 suis
768 2493 947 2576 territoriis,
962 2498 996 2561 et
1015 2494 1063 2566 ite
1081 2494 1198 2561 liberes
1218 2494 1286 2561 sine
1306 2495 1375 2561 ullo
1394 2516 1492 2561 oensu
1510 2494 1571 2560 ulli
1590 2492 1715 2563 homini
1733 2500 1861 2563 terreno

388 2656 509 2722 magno
523 2634 577 2701 uel
591 2634 726 2715 modico,
742 2634 819 2701 deta
832 2634 1058 2703 meledictione
1072 2633 1249 2714 violatoris,
1264 2632 1487 2700 benedietione
1501 2636 1611 2700 nutem
1630 2634 1862 2700 oonservetnrie

386 2770 422 2838 in
446 2794 532 2859 peoe.
577 2770 629 2838 De
656 2770 777 2838 oleriois
799 2774 898 2838 testes
922 2775 998 2838 sunt
1024 2770 1203 2838 Ounocnos
1228 2772 1395 2858 episeopus
1419 2769 1558 2838 001«an
1583 2769 1682 2838 obbas
1705 2768 1862 2837 Onnum

387 2907 482 2976 vullis
496 2906 636 2976 Sunonn
650 2907 749 2976 abbas
763 2906 924 2975 Donum
968 2908 1111 2975 &noun
1125 2907 1224 2975 ebbae
1238 2906 1362 2976 Inuum
1375 2932 1451 2976 oum
1466 2910 1532 2977 suis
1546 2908 1670 2978 oleriois
1690 2908 1864 2990 Gorneas,

388 3042 587 3127 Gunonuou,
620 3044 792 3127 consen,
824 3044 945 3127 Conso,
975 3043 1127 3126 Sonans,
1157 3042 1332 3112 Gonnum.
1377 3042 1430 3111 De
1466 3044 1556 3113 leiois
1593 3045 1741 3113 Meroen
1778 3044 1861 3127 Rex,

388 3182 562 3263 (iniussu,
586 3182 728 3264 Gomon,
750 3182 774 3251 J
776 3204 901 3265 urruns,
919 3181 943 3251 J
944 3205 1045 3264 nunu,
1066 3182 1230 3265 Ionnmn,
1250 3182 1365 3264 Jumo,
1385 3183 1410 3252 J
1412 3205 1629 3265 omousion,
1651 3208 1726 3252 oum
1743 3205 1866 3273 magne

390 3318 482 3408 oopin
496 3320 682 3388 olerioorum
696 3325 730 3387 et
743 3320 897 3388 laieorum
912 3324 981 3387 tum
995 3320 1108 3388 sinodo
1123 3343 1221 3406 quem
1235 3326 1328 3389 extre
1341 3322 1501 3390 sinodum.

896 3483 1461 3589 (nmrmwneeee.)⁴

1047 3772 1217 3841 DXXIV.
1298 3775 1303 3788 '

413 3994 418 4011 ,k
450 3934 614 4004 GRANT
643 3934 710 4003 BY
739 3934 967 4017 GUOHEIN,
997 3934 1088 4003 soN
1121 3934 1182 4003 OF
1213 3934 1369 4017 GLOVT,
1398 3934 1458 4004 ΤΟ
1488 3935 1588 4003 THE
1618 3935 1821 4005 OHUROH

597 4072 657 4140 OF
685 4072 955 4155 LLANDAFE
987 4072 1048 4141 OF
1078 4072 1179 4141 THE
1208 4072 1326 4144 VILL
1354 4074 1414 4141 OF
1444 4072 1674 4143 HIRPAN’I'.

774 4234 924 4325 [Gomon
943 4234 1040 4303 MSS.
1085 4234 1275 4303 anuurus
1289 4235 1372 4305 QX.
1389 4236 1414 4304 f.
1430 4235 1502 4326 56.]

983 4397 1098 4467 ann
1119 4400 1294 4467 Hmrsnr.

447 4543 620 4612 Soiendum
635 4548 683 4612 est
698 4546 786 4631 qnod
800 4546 960 4614 (locurum
977 4545 1064 4613 filius
1086 4545 1197 4614 Gnovr
1211 4548 1302 4616 dedit
1316 4547 1430 4615 villum
1443 4546 1538 4616 vullis
1552 4568 1627 4615 oum
1639 4546 1745 4615 tribus
1757 4546 1876 4615 modiis

404 4680 471 4749 suis
494 4680 566 4749 Deo
590 4685 625 4749 et
650 4682 768 4749 sunotis
792 4680 964 4761 Dunmmo
987 4688 1020 4752 et
1047 4683 1204 4753 Tuumne
1228 4691 1262 4754 et
1286 4686 1324 4754 in
1346 4708 1447 4754 menn
1472 4684 1655 4755 fluonmm
1677 4683 1819 4773 episeopi
1842 4686 1877 4753 et
