4125 5359
410 640 474 708 1-20

364 958 458 1041 prato
486 953 683 1043 burgagium
711 976 823 1021 unum.
884 952 939 1020 Ex
968 955 1055 1021 dono
1082 950 1261 1021 anunu
1290 952 1522 1022 Omrmnsnu
1550 954 1587 1021 in
1612 954 1833 1024 Novoauuuo.

365 1091 573 1180 Burgagium
587 1090 678 1158 aliud
691 1090 727 1158 in
740 1090 933 1158 Bursrown.
963 1089 1018 1157 Ex
1032 1091 1119 1159 dono
1129 1089 1293 1158 Husonre
1303 1091 1336 1159 le
1345 1090 1444 1157 Fons.
1475 1089 1684 1179 Burgagium
1696 1091 1786 1160 aliud
1799 1093 1835 1161 in

364 1232 457 1315 prato
494 1228 641 1316 ejusdem
676 1228 753 1295 ville
789 1252 831 1297 ex
866 1229 951 1297 dono
987 1224 1140 1295 Sruorrrs
1174 1224 1264 1296 Goon
1324 1226 1505 1315 Grangium
1533 1228 1574 1294 de
1602 1226 1734 1296 abbatia
1761 1251 1835 1297 eum

363 1364 568 1452 pertinentiis
588 1364 663 1433 suis.
710 1364 890 1455 Grungium
907 1366 961 1433 del
985 1416 992 1431 .
1017 1416 1025 1432 .
1049 1386 1150 1432 ruunt
1164 1386 1240 1433 eum
1257 1362 1461 1452 pertinentiis
1480 1364 1555 1432 suis.
1601 1364 1780 1453 Grnnginm
1794 1368 1835 1435 de

364 1500 482 1570 Sanoto
505 1501 694 1570 M1cuarrnn
716 1524 790 1569 oum
813 1502 1017 1589 pertinentiis
1039 1503 1114 1571 suis.
1159 1502 1339 1590 Granginm
1364 1503 1406 1570 de
1428 1502 1565 1569 Mrnnns
1588 1524 1663 1570 eum
1685 1502 1835 1570 ommbus

363 1638 568 1725 pertinentiis
582 1638 656 1705 suis.
692 1636 872 1726 Grangiam
886 1640 927 1705 de
943 1634 1215 1727 P[heremit]agio
1225 1638 1440 1707 Tnonoercr
1451 1662 1526 1707 oum
1535 1639 1833 1727 pertinentiisruis.

363 1775 571 1864 Burgugium
588 1798 692 1843 unum
716 1775 753 1842 in
772 1774 851 1843 villa
870 1777 911 1842 de
930 1774 1113 1842 Ksrurno.
1158 1775 1234 1844 Duo
1253 1776 1414 1866 burgagiu
1431 1777 1468 1843 in
1484 1774 1641 1843 Karnnrr
1663 1826 1671 1841 .
1694 1800 1736 1843 ex
1749 1778 1835 1843 dono

362 1911 488 1979 remitis
514 1909 789 1979 Gaowscnsrms.
835 1910 878 1979 In
902 1913 1014 1979 eadem
1038 1910 1117 1979 villa
1138 1910 1336 2003 burgagium
1357 1914 1448 1983 aliud
1467 1936 1541 1982 eum
1560 1913 1730 2003 adjaoente
1748 1918 1834 1981 terra

360 2053 452 2115 extra
474 2048 587 2115 villam
609 2070 649 2115 ex
670 2049 756 2115 ‹lono
778 2048 868 2114 Eunt
890 2048 995 2116 eles-im
1016 2050 1058 2116 de
1078 2048 1211 2118 Tum.
1260 2050 1347 2119 Sane
1366 2051 1515 2119 laborum
1536 2056 1715 2119 vestrorum
1730 2102 1738 2117 .
1754 2073 1835 2137 quos

359 2150 497 2273 propriis
520 2185 670 2253 manibus
693 2187 744 2252 vel
767 2185 950 2273 sumptibus
973 2186 1079 2253 oolitis
1100 2237 1109 2253 .
1131 2192 1201 2255 tum
1224 2190 1266 2255 da
1290 2190 1384 2257 terris
1406 2190 1502 2257 orrltis
1524 2242 1531 2256 .
1555 2211 1654 2276 quam
1676 2188 1831 2257 incultis.

359 2325 426 2392 sive
441 2326 482 2391 de
496 2324 599 2391 vineis
614 2374 622 2389 .
639 2346 695 2423 sen
710 2325 751 2391 de
764 2324 972 2391 nutrimentis
992 2330 1170 2392 vestrorum
1192 2327 1384 2395 annualium
1400 2377 1408 2393 .
1423 2328 1535 2394 nullus
1548 2350 1569 2394 a
1582 2327 1673 2395 vobis
1692 2328 1833 2395 deeimae

360 2463 412 2530 vel
438 2462 598 2549 primitias
623 2466 811 2549 extorquere
835 2466 1007 2549 presumat.
1058 2461 1173 2530 Lioeut
1198 2486 1325 2551 quoque
1347 2464 1439 2532 robis
1463 2466 1592 2554 oleriooe
1617 2466 1669 2532 vel
1692 2464 1833 2533 laieose

360 2600 465 2667 eeoulo
483 2599 670 2687 fugientes.
691 2598 808 2667 liberos
828 2604 863 2665 et
883 2598 1046 2667 absolutos
1066 2600 1109 2667 ad
1131 2602 1368 2670 eonversionem
1388 2603 1528 2689 recipere
1551 2652 1559 2669 .
1583 2607 1617 2670 et
1637 2624 1692 2669 eos
1712 2602 1833 2689 absque

359 2736 609 2805 oontmdiutione
635 2736 744 2822 eliqua
768 2736 915 2803 retinere.
961 2736 1174 2805 Prohibemus
1196 2740 1328 2827 insuper
1347 2762 1389 2807 ne
1412 2740 1474 2807 ulli
1495 2740 1635 2807 fratrum
1653 2746 1833 2809 vernorum

294 2884 297 2895 ¹
358 2878 432 2961 poe
449 2874 571 2940 suum
592 2873 628 2939 in
649 2874 762 2940 eorem
782 2872 852 2939 1000
873 2826 1103 2959 pereunte
1123 2875 1176 2941 ns
1198 2874 1241 2941 et
1264 2875 1384 2963 sesque
1408 2875 1535 2943 asum
1559 2877 1610 2944 sa
1634 2876 1765 2943 uoenm
1789 2878 1831 2943 es

280 3110 283 3118 ἡ
358 3014 471 3079 eodem
485 3012 553 3079 loeo
574 3012 742 3079 diseadere.
788 3010 1016 3080 Discedentem
1035 3018 1111 3080 vero
1131 3014 1200 3081 eine
1220 3014 1440 3082 eommunium
1456 3015 1639 3082 litterarum
1658 3016 1830 3083 onutioue.

358 3148 468 3215 nullus
482 3149 601 3215 audeat
613 3149 760 3215 retinere.
807 3148 905 3222 Quod
919 3148 947 3215 si
961 3149 1035 3235 quis
1048 3170 1102 3217 eos
1114 3149 1200 3218 forte
1213 3151 1351 3219 retinere
1364 3151 1617 3239 presumpserit.
1633 3150 1729 3218 lioeat
1742 3152 1832 3220 vobis

358 3286 394 3351 in
422 3286 507 3372 ipsos
535 3284 708 3353 monachos
738 3285 790 3353 vel
827 3308 993 3353 conversos
1021 3292 1144 3353 vestros
1172 3336 1181 3354 .
1212 3288 1405 3355 sententiam
1440 3288 1624 3376 regularem
1652 3310 1694 3355 ex
1722 3294 1832 3357 nostra

358 3424 550 3491 auctoritate
570 3423 722 3511 proferre.
777 3422 855 3490 Paoi
877 3444 1005 3510 quoque
1026 3428 1060 3490 et
1079 3424 1310 3510 tranquillitati
1330 3430 1435 3493 vestre
1456 3430 1592 3511 paterna
1611 3425 1647 3491 in
1667 3431 1831 3511 posterum

362 3561 578 3629 sollieitudine
592 3560 759 3649 providere
772 3560 916 3629 volentes
931 3610 939 3627 .
956 3561 1146 3629 auctoritate
1159 3562 1333 3649 apostoliea
1350 3558 1556 3649 prohibemus
1571 3612 1579 3628 .
1594 3585 1637 3629 ne
1655 3563 1730 3649 quis
1744 3564 1831 3630 intra

357 3700 521 3767 eleusinus
542 3697 728 3766 monasterii
749 3697 847 3765 vestri
869 3748 877 3765 .
900 3698 953 3767 vel
974 3700 1186 3787 grangiarum
1201 3750 1210 3767 .
1225 3699 1352 3767 fautum
1368 3700 1578 3787 ‚rupinamue
1599 3700 1799 3767 oommittere
1821 3752 1828 3767 .

358 3838 471 3925 ignem
495 3858 655 3924 apponere
680 3886 688 3902 .
713 3834 879 3904 hominem
904 3858 1016 3923 oupere
1041 3886 1050 3903 .
1074 3837 1126 3905 vel
1151 3837 1330 3906 interfluere
1355 3888 1364 3904 .
1390 3860 1449 3905 sue
1473 3838 1617 3924 aliquem
1642 3839 1831 3907 violentiam

359 3980 480 4041 temere
499 3976 618 4041 undeet
640 3994 795 4040 exeruere.
841 3972 1032 4041 Inhibemus
1058 3974 1157 4041 etiam
1180 3996 1223 4043 ua
1245 3978 1348 4063 terras
1369 3996 1427 4042 seu
1452 3974 1619 4062 quodlibet
1639 3974 1830 4044 benefieium

357 4111 487 4178 eoeleste
501 4116 605 4178 vestre
619 4111 772 4179 oollatum
786 4111 882 4179 lioeat
900 4113 997 4179 alieni
1013 4112 1224 4200 personaliter
1237 4113 1308 4181 duri
1324 4164 1332 4181 .
1348 4113 1415 4180 sire
1429 4112 1538 4200 uliquo
1555 4115 1653 4181 medo
1670 4114 1805 4183 alienari
1819 4164 1827 4181 .

359 4248 429 4315 sine
444 4270 573 4315 assensu
587 4248 687 4314 totius
699 4248 832 4335 capituli
844 4299 851 4315 .
865 4254 922 4317 aut
936 4249 1071 4337 majoris
1084 4254 1118 4317 et
1131 4248 1267 4317 sanioris
1279 4250 1390 4336 partie.
1428 4248 1528 4335 Siqua
1538 4272 1613 4318 vero
1623 4252 1827 4319 donationes.

360 4386 413 4453 vel
433 4384 643 4453 alienationes
664 4384 758 4452 ulitur
779 4408 877 4472 quum
899 4386 1022 4454 dietum
1043 4391 1093 4454 est
1113 4386 1200 4455 trote
1220 4386 1345 4456 tuerint
1359 4436 1368 4453 .
1383 4408 1438 4455 eas
1453 4386 1562 4455 irritas
1574 4410 1643 4456 esse
1655 4410 1827 4457 eeueemun

358 4522 417 4591 Aa
437 4521 496 4590 hee
516 4522 615 4589 etium
635 4521 840 4609 prohibemus
856 4570 865 4591 .
879 4546 922 4591 ne
941 4524 1059 4611 uliquis
1075 4525 1252 4594 monsohus
1269 4526 1322 4593 rel
1344 4546 1514 4593 eonversue
1528 4576 1537 4592 .
1553 4524 1613 4594 sub
1634 4526 1829 4614 professione

356 4663 472 4728 domus
500 4664 604 4727 vestre
632 4660 781 4727 astrictus
807 4708 815 4728 .
843 4661 911 4729 sine
936 4684 1093 4731 oonsensu
1117 4667 1151 4730 et
1172 4663 1305 4732 lieentia
1329 4664 1456 4733 abbatis
1481 4714 1490 4735 .
1517 4670 1551 4733 et
1574 4665 1709 4754 majoris
1729 4666 1830 4753 partis

357 4796 491 4884 capituli
507 4796 606 4863 vestri
626 4818 685 4883 pru
707 4796 816 4885 aliquo
838 4797 1015 4887 fidejubent
1038 4850 1047 4867 .
1069 4798 1123 4866 vel
1144 4798 1186 4867 ab
1207 4800 1317 4887 uliquo
1336 4803 1508 4889 peeunianr
1527 4806 1643 4898 mutuo
1662 4804 1797 4891 resipiat
1818 4850 1827 4871 .
