4125 5359
890 886 1045 957 Dooxu

305 1038 611 1115 uuit-onam
647 1038 715 1106 ΒΥ
750 1034 1106 1118 KENELWREOH,
1143 1034 1233 1105 SON
1270 1035 1331 1104 OF
1367 1036 1614 1123 RADULPH,

664 1162 723 1231 ΤΟ
760 1160 863 1229 AM)
900 1159 962 1229 OF
997 1160 1099 1231 THE
1135 1160 1273 1229 SAME.

279 1315 437 1383 Omnibus
452 1315 485 1383 S.
501 1338 528 1382 e.
545 1315 570 1381 t.
586 1336 618 1401 p.
635 1312 707 1381 eti.
723 1311 953 1379 Kaunwanorr
968 1310 1055 1379 filius
1069 1309 1391 1379 Ranunrrsalutem.
1597 1366 1602 1375 .

278 1452 392 1521 Sciatis
417 1474 469 1519 me
491 1452 614 1519 dedisse
640 1455 674 1518 et
694 1450 755 1517 beo
776 1453 864 1517 oarta
885 1449 1088 1517 oonfirmasse
1108 1446 1180 1515 Deo
1201 1452 1236 1515 et
1256 1448 1385 1516 eoelesie
1406 1448 1439 1516 S.
1462 1449 1510 1517 M.
1534 1452 1575 1519 de
1594 1451 1643 1520 M.
1668 1458 1702 1520 et

232 1590 397 1659 monaehis
411 1589 532 1657 ibidem
545 1588 617 1656 Deo
633 1586 843 1655 servientibus
860 1586 896 1655 in
917 1608 1033 1674 puram
1055 1591 1090 1653 et
1109 1590 1298 1673 perpetuam
1319 1586 1526 1655 elemosinam
1547 1589 1701 1675 quioquid

231 1730 315 1818 juris
329 1750 473 1815 unquam
487 1726 614 1814 plenius
627 1724 727 1792 habui
741 1725 793 1790 vel
808 1723 925 1791 habere
940 1722 1077 1790 olamavi
1090 1722 1126 1789 in
1140 1720 1413 1789 Knvnnuannar
1427 1723 1513 1791 inter
1526 1746 1645 1811 aquam
1659 1725 1700 1793 de

142 1858 146 1865 ’
232 1863 410 1933 Vounuos
423 1868 457 1931 et
471 1886 589 1951 aquam
603 1864 643 1929 de
659 1861 790 1931 Gsnwu
806 1884 907 1949 nsque
927 1863 969 1927 ad
990 1860 1075 1927 illud
1096 1880 1264 1946 quosque
1285 1860 1481 1929 eonveniunt
1501 1862 1571 1929 sine
1591 1862 1700 1949 aliquo

232 2001 445 2069 retinemento
461 2050 469 2067 .
485 1998 671 2067 bebendum
685 2006 718 2069 et
731 2001 909 2069 tenendum
923 2001 964 2067 de
979 2022 1031 2067 me
1046 2003 1080 2066 et
1094 1998 1266 2065 heredibus
1279 1998 1360 2065 meis
1376 1997 1476 2065 libere
1497 2004 1531 2067 et
1544 2000 1652 2086 quiete
1666 2006 1700 2067 et

231 2140 360 2228 paeifioe
376 2190 383 2205 .
401 2138 483 2205 sieut
497 2137 565 2204 ulla
580 2137 760 2227 elemosina,
771 2137 903 2206 liberius
923 2136 1036 2205 haberi
1056 2140 1163 2223 potest
1182 2140 1217 2203 et
1237 2135 1340 2203 teneri
1360 2134 1608 2222 imperpetuum.
1653 2136 1700 2205 st

231 2300 292 2365 ego
306 2281 340 2343 et
355 2275 488 2343 heredes
507 2275 571 2342 mei
593 2276 770 2361 prediotam
792 2280 911 2343 terram
933 2275 1085 2363 predictis
1106 2272 1272 2342 moneobis
1292 2276 1404 2340 eontra
1424 2293 1534 2341 omnes
1555 2272 1701 2341 homines

231 2410 511 2481 warantizabimus
526 2410 609 2479 siout
622 2412 829 2480 elemosinam
843 2418 995 2481 nostram.
1041 2411 1140 2480 litut
1154 2410 1213 2479 hee
1227 2410 1361 2478 donaoio
1374 2414 1445 2476 rota
1459 2415 1493 2476 et
1506 2409 1701 2479 inviolabilis

231 2552 410 2637 perseveret
437 2549 622 2637 juramento
651 2554 684 2617 et
713 2548 820 2637 sigillo
848 2553 882 2616 et
910 2548 1047 2617 testibus
1078 2570 1151 2615 eam
1183 2548 1379 2615 eonfirmsvi.
1433 2546 1512 2614 Hiis
1538 2546 1698 2615 testibtu.

232 2686 427 2755 Wrnnsnuo
441 2688 482 2754 de
496 2686 699 2753 Iucunrnnn
723 2738 731 2752 .
753 2686 917 2754 Hnsruoo
938 2688 979 2753 de
1001 2684 1157 2753 Karamr
1180 2735 1188 2752 .
1213 2684 1411 2754 Wmnanuo
1432 2684 1473 2751 de
1493 2683 1699 2752 Bamunarr

230 2824 394 2893 monachis
411 2826 452 2892 de
471 2823 627 2890 Manain
651 2873 659 2890 .
682 2823 783 2891 tratre
805 2786 961 2891 dirotano
982 2828 1061 2915 tune
1082 2822 1224 2911 portario
1247 2871 1255 2887 .
1277 2820 1379 2888 tratre
1400 2820 1546 2889 Jnsrrro
1568 2872 1577 2888 .
1600 2822 1700 2889 tratre

233 2960 424 3029 Kssmnna
439 2960 597 3029 oonversis
611 2962 651 3027 de
667 2959 821 3028 Marsas
838 3012 845 3029 .
862 2960 1038 3028 Moaerso
1051 2960 1119 3027 tilio
1133 2958 1290 3027 Karnocr
1306 3008 1314 3025 .
1336 2957 1455 3025 strn
1468 2962 1639 3025 Pomm.

274 3096 496 3166 Endorsed-‘
507 3098 674 3166 Oonoessio
688 3095 889 3165 Kenewreoh
903 3096 963 3164 filii
977 3094 1133 3163 Rauum’

875 3355 1051 3425 DGOXII.

230 3493 394 3562 GRANT
424 3493 490 3561 ΒΥ
520 3492 608 3559 RES
639 3491 734 3559 0011
762 3490 866 3559 AND
896 3491 979 3559 HIS
1005 3492 1272 3560 BRETHREN
1299 3493 1360 3561 OF
1385 3493 1540 3562 THEIR
1564 3494 1699 3563 LAND

560 3615 616 3684 IN
648 3616 1025 3685 KEVENMAHHAJ
1055 3617 1115 3686 ΤΟ
1144 3616 1366 3687 MARGAM.

274 3766 433 3835 Omnibus
447 3764 480 3833 S.
496 3789 524 3833 e.
541 3766 565 3832 i.
582 3788 614 3853 p.
630 3771 664 3833 et
677 3766 701 3834 i.
720 3764 832 3832 Rusus
846 3764 922 3832 (lon
937 3764 1085 3833 salutem.

274 3903 389 3971 Soiatis
403 3903 490 3990 quod
503 3924 564 3990 ego
579 3908 612 3969 et
626 3902 742 3971 babes
756 3902 821 3970 mei
835 3902 955 3970 soilioet
972 3902 1136 3971 Rodum
1157 3908 1191 3973 et
1212 3904 1397 3973 Kannocos
1419 3913 1453 3974 et
1474 3906 1673 3977 Yrusrasn
1689 3962 1696 3978 .

229 4038 448 4109 meren
463 4044 496 4108 et
506 4039 649 4110 Wnuuu
661 4038 871 4121 oonoessimue
885 4044 919 4106 et
930 4039 1079 4107 dedimus
1092 4045 1126 4108 et
1139 4042 1201 4109 hao
1215 4047 1303 4110 earta
1315 4048 1426 4111 nostre
1440 4046 1698 4117 oonfirmavimus

228 4176 301 4246 Deo
315 4181 349 4244 et
362 4176 491 4244 eoelesie
505 4174 622 4243 Sancte
637 4176 758 4243 Marus
778 4177 818 4244 de
840 4176 996 4243 Marsas
1018 4181 1053 4245 et
1069 4179 1235 4246 monaobis
1255 4179 1313 4266 qui
1333 4179 1455 4249 ibidem
1468 4180 1540 4251 Deo
1554 4186 1698 4254 serviunt
1766 4236 1769 4241 -

229 4315 265 4381 in
294 4312 501 4381 elemosinam
529 4316 633 4380 totam
660 4316 780 4380 terram
808 4318 952 4381 nostram
984 4314 1021 4381 in
1056 4314 1331 4383 Kavasuannsr
1361 4368 1370 4385 .
1400 4318 1521 4387 soilioet
1544 4320 1699 4410 quioquid

228 4470 373 4538 unquam
387 4448 560 4517 babuimus
573 4448 659 4517 inter
680 4472 796 4537 aquam
819 4450 860 4517 de
883 4451 1015 4517 Gsnwn
1037 4455 1072 4519 et
1092 4473 1212 4538 aquam
1232 4454 1274 4521 de
1295 4452 1473 4523 Venauoa
1492 4456 1529 4523 in
1549 4457 1644 4527 bosoo
1665 4466 1699 4529 et

228 4588 327 4676 plano
341 4608 416 4655 oum
430 4584 580 4654 omnibns
593 4584 797 4654 libertatibus
810 4591 844 4655 et
857 4587 1055 4656 ammaus
1064 4592 1099 4657 et
1111 4589 1315 4677 pertinentiis
1328 4591 1396 4659 suia
1408 4592 1451 4659 ad
1463 4591 1650 4663 babendum
1664 4601 1698 4665 et

227 4725 407 4793 tenendum
421 4722 520 4792 bbere
535 4727 568 4791 et
582 4724 690 4810 quiete
703 4728 737 4791 et
750 4722 880 4811 pauidos
895 4724 978 4793 siout
998 4724 1068 4793 nlla
1089 4724 1263 4793 elemosina
1276 4726 1408 4795 liberius
1421 4728 1533 4796 haberi
1545 4734 1652 4817 potest
1665 4738 1698 4801 et
