4125 5359
985 782 1185 854 DOXXIX.

414 948 758 1019 NOTIFIOATION
795 946 862 1016 BY
897 946 953 1017 W.
991 946 1253 1015 DOGGEUEL
1288 946 1348 1015 ΤΟ
1385 947 1441 1018 W.
1480 946 1654 1015 BIsHOP
1691 948 1752 1014 OF

582 1084 853 1168 LLANDAFF,
883 1084 944 1152 01⁴¹
973 1084 1055 1153 HIS
1086 1082 1250 1152 GRANT
1278 1084 1338 1153 ΤΟ
1367 1084 1584 1153 MARGAN.

942 1246 1114 1335 [Puunrcn
1132 1244 1248 1336 Meo]
1549 1248 1773 1314 1185-1191.

396 1411 592 1480 Wrnnsnuo
621 1410 686 1477 Dei
714 1411 821 1499 gratia
848 1408 1076 1477 Leunmnsr
1102 1408 1247 1497 episeopo
1275 1460 1283 1477 .
1310 1414 1345 1477 et
1368 1410 1526 1477 universis
1550 1409 1666 1477 Sancte
1691 1410 1818 1478 eoolede

347 1547 499 1617 fidelibus
513 1550 555 1615 ad
569 1570 649 1635 quos
663 1570 792 1633 presens
806 1548 959 1633 seriptum
973 1546 1155 1634 pervenerit
1169 1598 1177 1614 .
1193 1544 1410 1615 Wmnnnuus
1425 1546 1615 1613 Decorum
1630 1548 1774 1614 salutem.

396 1687 522 1755 Notum
538 1688 579 1753 sit
593 1686 796 1753 universitati
813 1690 916 1751 vesus
930 1707 982 1751 me
997 1684 1121 1751 dedisse
1137 1735 1144 1749 .
1161 1683 1233 1751 Deo
1254 1688 1289 1750 et
1308 1684 1411 1752 Beete
1432 1683 1554 1750 Meam
1575 1687 1615 1751 de
1637 1684 1814 1751 Mensem

350 1828 385 1891 et
398 1824 563 1892 monaehis
576 1821 697 1890 ibidem
712 1821 783 1890 Deo
799 1814 1009 1888 servientibus
1025 1872 1032 1886 .
1052 1819 1207 1890 delibem
1221 1825 1405 1888 tenemento
1422 1844 1495 1889 meo
1513 1844 1572 1909 pro
1592 1822 1695 1889 salute
1713 1823 1818 1890 anime

248 1964 255 1971 '
351 1985 422 2029 mee
436 1966 470 2028 et
483 1962 584 2049 patris
597 1961 685 2027 mei.
702 1963 982 2027 etenteoessorum
1004 1964 1038 2025 et
1059 1981 1272 2026 suooessorum
1290 1981 1436 2027 meorum
1453 1958 1651 2027 consessione
1671 1960 1819 2048 eonjugis

351 2122 422 2165 mee
442 2102 476 2166 et
494 2100 635 2165 filiorum
654 2119 799 2165 meorum
822 2146 832 2162 .
853 2100 960 2163 totum
978 2101 1109 2182 pratum
1130 2118 1239 2163 meum
1259 2096 1346 2182 quod
1364 2094 1465 2162 habui
1485 2094 1597 2162 subtus
1618 2095 1744 2163 Rauen
1761 2148 1768 2163 .
1783 2098 1819 2165 in

351 2236 485 2302 marisoo
500 2258 609 2301 versus
628 2234 800 2301 australem
820 2238 945 2321 partem
961 2284 968 2300 .
985 2218 1054 2299 tam
1073 2233 1157 2299 illud
1176 2234 1263 2321 quod
1279 2254 1389 2300 meum
1402 2232 1469 2299 fuit
1483 2233 1680 2301 dominicum
1696 2284 1704 2299 .
1721 2257 1818 2321 quam

350 2374 434 2441 illud
454 2375 540 2460 quod
559 2377 663 2439 mater
681 2394 754 2438 mea
771 2375 861 2438 tenet
874 2371 910 2436 in
924 2373 1033 2438 dotem
1052 2393 1144 2437 suam
1159 2421 1167 2437 .
1184 2392 1258 2437 oum
1272 2374 1382 2437 temen
1396 2375 1524 2437 morbus
1537 2370 1637 2438 fuerit
1653 2423 1660 2437 .
1676 2372 1747 2459 ipsa
1763 2424 1770 2437 .
1785 2376 1820 2439 et

352 2510 387 2577 in
407 2510 486 2577 villa
505 2511 545 2575 de
565 2506 743 2597 Kenn[1r]
766 2514 857 2575 extre
876 2514 1002 2597 portam
1022 2508 1210 2575 orientalem
1238 2558 1245 2574 .
1266 2531 1376 2575 versus
1395 2509 1675 2595 septentrionalem
1694 2516 1820 2596 partem

350 2648 497 2735 proximo
507 2646 576 2713 loeo
590 2652 682 2733 porte
695 2618 900 2733 mesuagium
914 2668 1017 2713 unum
1032 2668 1106 2713 oum
1121 2646 1304 2734 curdllagio
1324 2696 1332 2711 .
1355 2649 1389 2713 et
1402 2646 1506 2713 orosto
1518 2669 1585 2713 una
1598 2646 1746 2734 proxime
1759 2647 1817 2714 illi

350 2784 398 2851 Et
417 2785 453 2849 in
472 2789 558 2850 terra
578 2806 651 2850 men
671 2786 711 2849 de
732 2783 895 2850 Lrsaorur
915 2805 1022 2850 soram
1045 2770 1146 2849 unam
1165 2782 1223 2849 ubi
1242 2783 1367 2870 elegere
1390 2783 1560 2851 voluerint.
1604 2782 1657 2850 ot
1679 2783 1821 2853 habeant

349 2921 408 2988 heo
428 2922 537 2988 omnia
555 2921 592 2987 in
611 2943 726 3007 puram
746 2925 779 2987 et
798 2925 987 3007 perpetuam
1007 2919 1214 2987 elemosinam
1233 2919 1332 2987 libere
1351 2924 1385 2986 et
1404 2921 1512 3007 quiete
1528 2919 1570 2988 ab
1585 2922 1674 2989 omni
1688 2922 1817 2989 servitio

349 3058 484 3125 seeulari
504 3063 537 3125 et
555 3058 730 3125 exeetioue.
776 3057 831 3125 Ita
851 3051 938 3144 quod
957 3059 984 3124 si
1002 3018 1135 3144 aliquod
1154 3057 1321 3124 servitium
1341 3058 1515 3144 aliquando
1534 3059 1611 3125 inde
1630 3060 1821 3146 requeium

349 3196 450 3262 luerit
473 3246 480 3261 .
504 3195 570 3263 sive
585 3195 709 3262 domini
723 3194 825 3283 Regis
848 3246 855 3263 .
879 3194 946 3261 sive
961 3195 1051 3261 eliud
1074 3245 1081 3260 .
1106 3216 1167 3281 ego
1181 3194 1234 3262 vel
1247 3193 1379 3261 heredes
1392 3196 1458 3262 mei
1471 3196 1555 3263 illud
1573 3196 1729 3263 sociemus
1752 3248 1760 3263 .
1781 3203 1820 3263 ut

346 3334 499 3401 monaehi
521 3334 644 3401 sintin
670 3334 900 3421 sempiternum
926 3333 967 3401 ab
993 3334 1082 3400 omui
1108 3332 1237 3401 servitio
1262 3332 1373 3420 quieti.
1418 3333 1466 3400 Et
1495 3336 1625 3422 quando
1656 3336 1821 3404 monachis

350 3473 436 3560 prati
457 3471 664 3537 donationem
685 3470 748 3538 feei
768 3520 775 3536 .
795 3471 908 3539 Abbes
929 3474 969 3539 de
992 3472 1148 3538 Msnouu
1164 3522 1173 3537 .
1188 3471 1393 3539 et'monaohi
1413 3494 1485 3538 mee
1506 3473 1619 3560 megni
1640 3473 1821 3541 neeesdtati

349 3606 579 3693 eompatientes
601 3657 608 3673 .
628 3608 820 3674 remisemnt
844 3608 943 3675 miehi
969 3609 1009 3675 de
1032 3606 1142 3675 debito
1165 3609 1253 3695 quod
1274 3608 1320 3675 eis
1341 3608 1439 3676 debui
1461 3661 1469 3677 .
1493 3632 1527 3677 u.
1547 3612 1664 3679 solidos
1682 3612 1818 3700 urgenti

353 3744 591 3815 Hiistestibus.
1672 3762 1677 3769 ·

398 3882 620 3949 Eudorsed-‘
632 3883 727 3950 Certe
746 3882 906 3951 Willelmi
926 3883 1092 3972 Doogeuel
1112 3885 1153 3951 de
1171 3888 1264 3970 preto
1286 3884 1400 3951 subtus
1419 3882 1510 3951 Rath
1529 3890 1564 3953 et
1583 3887 1623 3952 de
1642 3887 1821 3974 messuagio

352 4022 389 4088 in
404 4018 526 4087 Kardif
549 4020 560 4060 ¹
573 4019 714 4105 (nullum
729 4018 906 4108 servium).’

409 4167 447 4229 (1)
464 4166 593 4215 melate
604 4168 676 4216 mnu

407 4278 421 4304 “
428 4276 511 4325 uehat
518 4276 533 4299 '’
544 4277 592 4324 sud
603 4277 617 4303 “
624 4276 738 4326 Lisbonit
745 4278 759 4300 '⁵
770 4292 811 4326 are
823 4278 906 4327 Roeth
916 4280 965 4327 and
975 4278 1142 4340 Lystelibont,
1152 4284 1207 4328 east
1215 4279 1264 4327 sud
1274 4280 1349 4328 north
1359 4280 1386 4329 of
1401 4279 1504 4330 Cerdiff.

405 4386 484 4433 There
500 4386 521 4433 is
534 4386 642 4447 nothing
657 4396 683 4434 to
696 4388 766 4434 mark
781 4388 911 4449 definitely
924 4390 966 4437 the
981 4390 1040 4439 dota
1053 4390 1080 4436 ol
1095 4390 1146 4438 this
1163 4390 1303 4451 document,
1312 4404 1341 4437 es
1355 4390 1399 4438 the
1413 4404 1454 4439 see
1470 4406 1520 4439 was
1531 4392 1650 4452 occupied
1659 4394 1767 4441 towards
1776 4393 1817 4442 tbe

353 4472 421 4519 close
435 4471 462 4517 ol
479 4470 521 4518 the
536 4470 635 4517 tweltth
652 4478 755 4531 oentury
772 4466 821 4519 end
837 4474 876 4521 for
894 4488 969 4535 many
986 4474 1134 4535 suooeedinss
1147 4488 1220 4535 years
1234 4475 1269 4536 by
1284 4488 1359 4524 seven
1373 4476 1482 4536 bishops,
1498 4476 1525 4522 ot
1544 4476 1626 4525 whom
1642 4478 1691 4525 five
1706 4478 1765 4525 bore
1775 4478 1816 4525 the

355 4555 481 4604 Christian
500 4567 573 4602 usme
593 4555 619 4603 of
641 4554 760 4605 William.
799 4556 910 4606 william
931 4560 961 4607 de
981 4559 1114 4616 Salonam,
1132 4560 1244 4618 nabun
1271 4559 1389 4620 Willism,
1405 4560 1477 4607 Prior
1495 4562 1522 4608 of
1545 4560 1687 4621 Goldcliffe,
1706 4563 1815 4621 1219-293

355 4640 466 4687 william
476 4640 506 4687 de
517 4638 611 4701 Burgh,
622 4640 735 4701 loss-533
753 4642 863 4691 Willism
874 4644 904 4691 de
916 4643 1025 4703 Radaor,
1037 4644 1147 4705 loeo-553
1164 4644 1215 4693 and
1225 4644 1335 4693 william
1345 4645 1376 4692 de
1391 4644 1490 4705 Brnose,
1502 4646 1608 4695 1ἳ66·87.
