4125 5359
860 870 1037 939 DXXIH.

301 1044 459 1115 SYNOD
489 1044 550 1113 01⁴¹
579 1044 679 1114 THE
708 1044 833 1113 me
860 1044 964 1113 AND
993 1042 1181 1112 ELDsRs
1210 1045 1271 1114 OF
1299 1045 1605 1117 MORGANNOK

667 1182 870 1299 HQLDEN
897 1182 962 1250 AT
991 1175 1230 1251 TARATYR„

566 1346 715 1438 [censs
738 1346 836 1416 MSS.
896 1346 1086 1416 Vrrssmus
1108 1345 1193 1414 ΟΧ.
1214 1344 1240 1411 f.
1264 1344 1336 1435 51.]

629 1524 779 1593 Smenos
801 1524 967 1592 Teium
989 1522 1068 1591 Rex
1089 1522 1267 1592 Semnus.

255 1686 495 1755 Insinusndum
509 1688 659 1773 estquod
673 1692 802 1755 sanetus
818 1685 998 1754 Oenocses
1017 1708 1097 1755 eum
1116 1708 1175 1754 sue
1195 1686 1445 1775 eongregetione
1465 1693 1499 1757 et
1521 1686 1685 1759 001«ch

207 1823 311 1893 abbas
324 1824 436 1893 Seneti
451 1823 574 1892 Orroei
591 1829 626 1893 et
648 1824 788 1893 Sumere
811 1823 911 1893 ebbae
933 1824 1094 1893 Decem
1118 1828 1153 1891 et
1175 1823 1318 1893 conans
1341 1823 1441 1893 ebbes
1463 1824 1587 1895 Iseum
1610 1850 1685 1899 eum

205 1963 300 2029 omni
315 1984 373 2029 sus
387 1962 635 2053 eongmgstione
650 1968 684 2031 et
697 1962 867 2031 Moscssr
884 1961 959 2030 Rex
972 1966 1007 2029 et
1020 1962 1128 2027 Fmoc
1146 1965 1282 2047 petrum
1300 1984 1378 2029 sum
1395 1967 1555 2031 venerunt
1572 1985 1685 2033 omnes

208 2098 254 2167 nd
282 2100 404 2187 pedum
433 2099 536 2169 seneti
564 2100 699 2182 Issum,
728 2105 763 2169 et
787 2099 882 2169 smbo
909 2099 1079 2168 Morem
1104 2098 1179 2167 Rex
1203 2103 1237 2193 et
1261 2098 1368 2165 Feros
1393 2098 1595 2186 presentibus
1619 2101 1685 2170 illis

209 2236 361 2305 omnibus
374 2260 470 2324 super
486 2237 587 2305 sliere
604 2237 707 2305 semoti
726 2237 851 2306 Issum
869 2236 1057 2325 antepositis
1070 2236 1188 2305 seretis
1200 2236 1346 2323 reliquiis
1365 2236 1557 2325 juraverunt
1577 2238 1626 2307 its
1645 2243 1685 2307 ut

206 2374 308 2441 simul
326 2374 452 2443 firmem
472 2398 583 2463 peeem
602 2374 688 2443 inter
706 2399 741 2443 se
764 2376 834 2443 sine
851 2376 926 2443 dole
948 2378 1104 2441 tenerent.
1150 2374 1198 2440 Et
1219 2375 1267 2441 its
1287 2374 1348 2441 teli
1367 2374 1579 2441 eonventione
1598 2375 1684 2445 etsi

207 2533 295 2577 unus
309 2510 447 2577 alterum
461 2512 618 2579 oeeideret
630 2514 689 2579 eut
702 2512 734 2579 ei
747 2512 859 2581 dolum
878 2512 1023 2595 inferret,
1043 2512 1136 2581 nullo
1155 2534 1188 2579 se
1207 2510 1272 2579 elio
1288 2512 1387 2578 modo
1404 2510 1586 2594 redimeret,
1604 2534 1684 2601 egro

206 2670 267 2715 nee
291 2654 437 2736 argente,
459 2650 516 2717 sed
537 2672 676 2738 regnum
697 2672 793 2717 suum
815 2650 961 2736 quietum
980 2650 1134 2717 clamaret
1152 2653 1186 2717 et
1206 2649 1411 2717 vitsmsmm
1430 2653 1534 2717 totam
1553 2650 1684 2719 dueeret

205 2785 243 2851 in
263 2786 559 2874 perigrimtionem.
604 2788 684 2855 Post
704 2788 846 2855 multum
870 2809 946 2855 vero
972 2788 1126 2873 temporis
1146 2787 1301 2855 suadente
1319 2785 1448 2855 diabolo
1469 2786 1586 2855 oeeidit
1608 2786 1682 2857 Rex

206 2922 377 2990 Morem
420 2924 528 2991 smoc
555 2929 709 3012 petreum
737 2946 833 2993 suum
862 2924 936 2991 dolo
964 2928 999 2993 et
1027 2947 1066 2992 eo
1094 2924 1196 2993 oeeiso
1225 2924 1315 2993 venit
1344 2922 1418 2992 Rex
1442 2924 1612 2992 Morem
1639 2928 1684 2995 ed

201 3059 399 3129 Ounocsms
422 3061 606 3149 episeopum
630 3061 759 3129 veniam
778 3063 945 3149 requirens
962 3062 1004 3130 de
1025 3062 1170 3150 perjurio
1188 3061 1275 3129 festo
1297 3062 1395 3129 simul
1413 3084 1488 3129 eum
1509 3061 1683 3133 homicidio

204 3204 400 3289 perpetrate,
424 3200 467 3267 ed
489 3200 653 3269 ecelesiam
675 3198 899 3269 Lssnsmsrs.
944 3201 992 3270 Et
1013 3202 1126 3270 audite
1145 3202 1218 3291 ejus
1241 3202 1397 3289 petitione
1421 3202 1591 3271 mandevit
1612 3204 1681 3291 epi·

203 3358 321 3424 seopus
334 3335 513 3404 Oenocses
527 3342 657 3425 propter
670 3337 802 3407 sbbetes
816 3340 917 3407 trium
931 3340 1220 3428 congregationum
1233 3362 1365 3408 suerum
1379 3339 1517 3409 cosan
1531 3338 1682 3411 abbatem

200 3470 331 3541 Osrocr
374 3474 514 3541 semes
529 3474 678 3543 abbatem
698 3475 859 3545 Doeussr
904 3474 1048 3544 Oosses
1069 3476 1221 3546 abbatem
1238 3476 1362 3545 Iseum
1381 3499 1456 3545 eum
1475 3477 1542 3546 suis
1559 3478 1682 3547 olorinis

204 3614 409 3702 eongregatis
422 3614 459 3679 in
472 3636 576 3681 unum
589 3616 625 3681 in
640 3619 750 3682 eenete
764 3616 887 3702 synodo
904 3615 1055 3684 omnibus
1070 3615 1112 3683 sb
1126 3615 1231 3682 hostio
1245 3613 1411 3681 Tmrrs
1424 3634 1470 3680 re
1485 3612 1564 3682 Gur
1577 3637 1679 3702 usque

202 3751 402 3819 edhostium
412 3750 513 3819 Trsr.
558 3751 704 3820 Etvenit
717 3776 776 3819 rex
790 3777 865 3820 eum
876 3752 1054 3821 senioribus
1064 3750 1681 3840 Moscsrssscobviemillisedpodum

205 3886 365 3955 Orsum
387 3888 481 3956 vellis
502 3894 536 3956 et
553 3891 597 3956 sd
615 3889 835 3977 reeipiendum
856 3890 1016 3978 judicium
1036 3892 1078 3959 de
1096 3889 1268 3958 melefsote
1287 3911 1345 3957 suo
1364 3912 1439 3956 eum
1457 3912 1584 3956 summe
1603 3892 1679 3959 seti-

202 4026 355 4095 fsetione.
409 4026 456 4094 Et
484 4028 580 4117 plene
616 4029 759 4116 synodus
794 4030 955 4117 presentia
991 4030 1144 4098 onmem
1181 4028 1334 4117 episeopi'
1355 4028 1515 4116 judieerit
1548 4035 1680 4117 propter

203 4164 377 4232 orbitatem
390 4164 484 4252 regni
497 4187 539 4233 ns
553 4166 644 4233 fieret
657 4166 726 4234 sine
740 4172 929 4256 protegente
944 4168 1047 4256 elipeo
1060 4167 1185 4236 domini
1203 4166 1371 4249 matruelis,
1386 4166 1679 4254 peregrinationem

201 4302 292 4371 illius
328 4301 465 4391 jejuniis
500 4307 534 4370 et
569 4303 767 4372 orationibus
795 4310 829 4373 et
858 4304 1040 4372 elemosinis
1069 4306 1226 4372 redimere
1262 4302 1360 4371 simul
1395 4326 1471 4371 eum
1504 4304 1678 4374 homicidio

201 4440 386 4529 perjurium
409 4462 596 4527 expurgare.
642 4440 689 4507 Et
712 4440 787 4509 Rex
806 4442 976 4509 Mosersr
995 4464 1126 4509 assensu
1146 4441 1308 4510 seniorum
1328 4442 1549 4510 Morcssrssc
1569 4443 1679 4529 posuit

197 4598 339 4645 memrm
353 4598 445 4644 susm
462 4599 557 4665 super
573 4579 899 4667 quatuorlevsngelie
917 4586 951 4646 et
969 4579 1122 4667 reliquiae
1139 4585 1323 4647 meterem
1340 4582 1473 4647 tenente
1490 4578 1549 4645 ills
1567 4582 1678 4647 aneo

195 4714 363 4785 oenocso
392 4720 425 4783 et
452 4714 615 4803 premittit
645 4715 804 4803 imprimis
832 4740 865 4785 se
894 4718 1142 4786 emendaturum
1170 4718 1212 4785 de
1239 4717 1383 4805 pedisse
1418 4716 1560 4784 fseinore
1593 4712 1678 4781 tierrt
