4125 5359
994 914 1170 985 Dchfl.

380 1076 545 1148 GRANT
573 1078 641 1149 ΒΥ
669 1076 824 1159 nsPUs,
856 1076 946 1146 SON
974 1076 1035 1145 OF
1064 1074 1251 1145 ORADOO
1279 1073 1360 1158 DU,
1389 1074 1448 1143 ΤΟ
1477 1074 1688 1145 MARGAM
1718 1074 1781 1143 01⁴*

665 1214 799 1285 LAND
829 1214 885 1285 IN
913 1213 1176 1285 Pml'mvm
1204 1212 1261 1282 IN
1290 1212 1485 1283 KENFIG.

922 1378 1095 1469 [Pnnmcn
1116 1377 1233 1467 Mes]

387 1541 548 1612 Omnibus
561 1541 679 1611 Sanote
693 1544 822 1612 eoolesie
835 1542 913 1611 flliis
926 1566 958 1631 p.
975 1549 1009 1613 et
1023 1544 1047 1611 l.
1063 1542 1174 1611 Feros
1188 1542 1276 1610 filins
1290 1542 1425 1610 anneo
1438 1540 1509 1608 Dn’
1524 1540 1670 1608 salutem

385 1702 819 1774 fleialiemeoonoessisseet
839 1704 963 1774 dedisse
985 1710 1019 1773 el
1038 1705 1181 1794 presenti
1202 1710 1291 1773 oarts
1310 1704 1513 1773 oonhrmssse
1532 1702 1605 1771 Deo
1626 1708 1660 1771 et
1682 1702 1812 1771 aonlesie

341 1842 460 1911 Sannio
473 1842 595 1911 Mnus
611 1844 651 1911 de
664 1842 822 1911 mmm
837 1848 897 1912 ebo
913 1840 1125 1911 servientibus
1138 1846 1243 1909 boiam
1260 1847 1381 1911 terram
1401 1862 1508 1910 meam
1529 1862 1630 1930 qnam
1648 1839 1751 1909 habui
1770 1840 1812 1908 de

341 1979 438 2049 feodo
453 1980 645 2049 Pnrrrnvrre
659 1982 696 2049 in
708 1980 870 2049 territorio
884 1981 926 2049 de
939 1979 1118 2048 haaren
1131 1980 1168 2047 in
1181 1980 1390 2049 elemosinam
1403 1978 1540 2047 liberam
1556 1985 1591 2049 et
1611 1980 1756 2068 quietam
1769 1978 1811 2047 ab

342 2118 433 2187 omni
461 2118 595 2187 seculari
624 2118 854 2186 consuetudine
882 2121 916 2185 et
941 2117 1108 2185 exactione
1137 2116 1220 2185 siout
1247 2116 1317 2185 nlla
1345 2117 1520 2186 elemosina
1547 2116 1680 2185 liberios
1708 2116 1814 2185 meari

341 2258 447 2343 potest
463 2306 470 2321 .
489 2254 669 2323 Reddendo
687 2254 857 2323 annuatim
878 2254 961 2325 mihi
980 2258 1014 2321 et
1034 2252 1206 2323 heredibus
1229 2255 1311 2321 meis
1334 2254 1370 2321 in
1394 2258 1588 2342 perpetuum
1612 2254 1812 2322 solummodo

342 2391 512 2459 dimidiam
525 2414 666 2462 meroem
681 2414 739 2480 pro
754 2392 843 2459 omni
858 2391 996 2459 servilio.
1036 2389 1082 2458 Et
1096 2391 1262 2458 soiendum
1283 2392 1371 2477 qnod
1391 2390 1486 2459 initio
1508 2389 1609 2478 hujus
1629 2391 1814 2459 donationis

343 2528 450 2617 eooepi
463 2551 521 2618 pre
534 2529 685 2598 menibus
703 2528 830 2597 firmam
853 2550 901 2596 vs.
925 2549 1086 2596 annorum
1106 2526 1227 2595 soilioab
1248 2550 1304 2596 ns.
1327 2548 1451 2596 mareas
1470 2529 1559 2595 unde
1579 2528 1643 2616 ipsi
1663 2528 1814 2597 monaehi

344 2666 446 2755 quieti
475 2667 540 2735 sint
569 2688 670 2754 usque
698 2667 741 2733 ad
771 2670 901 2733 tannim
936 2666 1114 2733 terminum
1145 2664 1373 2753 perimplebum
1403 2670 1438 2734 et
1465 2667 1642 2735 mnndum
1670 2669 1758 2756 qnod
1786 2667 1815 2735 si

343 2806 515 2895 eontigerit
540 2806 700 2875 memori
725 2810 900 2892 antequem
928 2803 1080 2872 heredem
1102 2804 1239 2873 habeam
1262 2805 1303 2873 de
1328 2826 1429 2873 uxore
1450 2827 1525 2873 mes
1549 2804 1618 2873 fllia
1643 2804 1729 2873 Rnas
1754 2806 1815 2873 slii

345 2938 476 3007 Evnsre
490 2944 593 3008 bolam
608 2942 784 3029 predictam
804 2946 924 3009 lenam
945 2941 1011 3010 illis
1032 2943 1109 3010 dedi
1129 2943 1165 3009 in
1187 2941 1394 3010 elemosinam
1414 2964 1532 3031 puram
1552 2948 1586 3010 et
1607 2943 1752 3031 quietam
1772 2942 1815 3010 ab

346 3078 436 3147 omni
450 3078 588 3146 servitio.
633 3076 764 3146 sivero
781 3079 954 3167 eontigerit
974 3102 1026 3147 me
1048 3080 1166 3148 habere
1187 3080 1337 3148 heredem
1359 3084 1432 3169 post
1452 3084 1591 3148 mortem
1611 3102 1719 3147 meam
1739 3080 1816 3149 dedi

347 3216 393 3285 eis
416 3214 523 3285 xum„
543 3237 631 3283 aeras
652 3216 749 3283 simul
772 3238 846 3283 oum
868 3238 997 3305 eorpore
1022 3239 1096 3285 meo
1119 3217 1156 3285 in
1178 3240 1293 3306 puram
1317 3218 1526 3286 elemosinam
1552 3222 1587 3285 et
1611 3220 1693 3287 duos
1720 3216 1814 3307 [sol‘]

347 3354 484 3423 elamavi
498 3354 615 3421 eolides
629 3354 754 3442 quielos
767 3375 847 3441 quos
864 3354 1004 3443 aenipere
1022 3354 1163 3423 solebam
1184 3356 1226 3423 de
1246 3354 1391 3443 prediola
1411 3355 1515 3423 firma
1559 3354 1607 3423 Et
1627 3354 1687 3423 hae
1707 3356 1817 3423 omnia

348 3490 484 3559 firmiter
496 3491 637 3559 tenende
651 3494 684 3559 et
698 3490 937 3559 warentisande
952 3492 988 3559 in
1009 3496 1203 3580 perpetuum
1223 3493 1353 3560 affidari
1374 3498 1408 3561 et
1429 3515 1525 3581 super
1545 3514 1636 3561 saera
1655 3493 1765 3581 juravi
1784 3496 1818 3560 el
1855 3570 1859 3576 p

347 3628 472 3717 pleffios
493 3628 604 3695 inveni
625 3628 745 3695 soilioel
766 3626 889 3696 Restm
912 3628 1005 3697 Gonn
1028 3634 1063 3697 et
1085 3630 1202 3697 fratres
1227 3629 1299 3718 ejus
1321 3628 1509 3699 Immua
1525 3630 1632 3697 lilium
1646 3628 1772 3697 Rrwan
1785 3632 1819 3696 el

350 3764 467 3833 fratres
483 3765 554 3853 ejus
568 3763 780 3834 ernamur
794 3766 899 3833 fllium
914 3766 1122 3835 Oenomaum
1136 3768 1195 3836 Do
1209 3772 1243 3837 el
1256 3768 1373 3836 fratres
1387 3767 1469 3855 ejus

393 3924 468 3994 Seal
481 3926 615 4014 pointed
636 3926 719 4009 orel,
741 3927 853 3996 brown
875 3950 968 4011 wan
999 3952 1020 3997 a
1041 3930 1156 3997 dexter
1175 3929 1265 3997 hand
1285 3928 1411 4018 iesuing
1433 3928 1520 3997 hom
1544 3928 1602 3997 the
1621 3950 1739 4018 proper
1758 3926 1820 4021 left

348 4064 506 4153 gresping
520 4086 540 4133 e
553 4062 716 4131 bannered
731 4063 823 4133 lenoe
837 4066 873 4133 in
888 4066 970 4154 pale.

742 4230 796 4295 ‘÷
819 4248 930 4295 snum
953 4250 1012 4297 ner
1036 4279 1242 4298 .......
1266 4228 1429 4299 carnem!

394 4386 617 4457 Ειιᾱοιεθᾱ-ι
629 4386 736 4477 nepus
750 4388 837 4457 illiue
851 4388 1006 4458 Oaradooi
1019 4392 1055 4459 in
1069 4390 1245 4474 Pelleuin‚'
1260 4392 1327 4460 and
1341 4390 1377 4459 in
1391 4413 1413 4458 a
1426 4392 1510 4459 later
1522 4390 1613 4459 hand
1627 4386 1811 4478 ‘Kendge’
