4125 5359
1577 563 1642 632 251

260 883 399 953 Noverit
410 881 603 950 universitas
615 884 722 950 vestra
734 903 795 950 nos
813 885 990 969 spontanea
1006 879 1174 946 voluntate
1192 882 1303 945 nestra
1315 881 1349 946 et
1362 877 1494 947 oonsilio
1508 877 1684 945 amisorum

215 1015 1684 1106 uesirmummneesdsseetqnimmehmameetabjmasseetpraseniieertamndmsaw

216 1158 260 1227 Ι).
276 1162 310 1227 et
322 1180 350 1226 e.
366 1156 400 1226 S.
415 1156 465 1225 M.
480 1158 522 1226 de
534 1155 584 1224 M.
596 1161 631 1226 et
640 1180 685 1225 m.
696 1157 719 1225 i.
731 1156 775 1225 D.
791 1154 1003 1226 servientibus
1016 1159 1123 1223 tatum
1136 1155 1191 1242 jus
1204 1159 1351 1222 nostrum
1363 1159 1398 1222 et
1410 1158 1518 1222 tetum
1531 1153 1684 1222 elamium

216 1297 304 1384 qnod
323 1293 522 1364 habebamus
541 1293 595 1362 vel
613 1293 799 1362 dicebamus
812 1316 872 1362 nes
884 1294 1002 1362 habere
1016 1295 1052 1362 in
1066 1298 1152 1361 terra
1166 1316 1265 1381 quam
1278 1293 1384 1362 dietus
1396 1293 1420 1362 J
1420 1315 1580 1361 orsurus
1593 1298 1686 1380 pater

215 1438 324 1502 uester
336 1431 445 1500 tenuit
457 1432 499 1498 de
512 1429 728 1498 mumius
741 1432 778 1498 in
790 1430 887 1500 feodo
908 1433 949 1498 de
972 1428 1275 1520 Bosuvmsuus]
1298 1435 1338 1498 ut
1350 1429 1492 1499 habeant
1505 1435 1539 1498 et
1551 1433 1686 1498 teneant

216 1569 297 1639 dieti
308 1569 460 1637 monaehi
474 1568 595 1637 dietam
608 1574 728 1636 terram
741 1568 841 1636 libere
855 1569 964 1656 quiete
978 1573 1011 1637 st
1024 1569 1154 1656 pueifiee
1167 1589 1227 1654 pro
1243 1565 1337 1635 nobis
1350 1572 1384 1635 et
1397 1564 1546 1636 omnibus
1559 1565 1685 1634 heredi·

215 1707 278 1777 bus
291 1706 371 1775 meis
384 1706 469 1775 sieut
480 1705 550 1774 nlla
569 1706 742 1774 elemosina
762 1705 815 1773 vel
836 1706 941 1773 ullum
962 1710 1184 1774 tenementum
1204 1703 1336 1772 liberius
1357 1707 1391 1770 et
1412 1703 1554 1791 quieeius
1574 1701 1687 1772 haberi

216 1844 268 1912 vel
282 1843 386 1912 teneri
399 1847 515 1931 potest
559 1842 608 1910 Et
627 1842 793 1910 sciendum
813 1845 902 1931 quod
916 1843 1119 1910 affidavimus
1134 1847 1167 1908 et
1181 1863 1276 1928 super
1290 1845 1488 1908 saerosanota
1502 1840 1632 1908 eoelesie
1646 1841 1687 1908 de
1829 1865 1834 1873 ·

216 1979 375 2046 Manem
389 1978 570 2067 juravimus
589 1979 677 2065 quod
697 1978 789 2045 illum
810 1979 1044 2047 eoneessienem
1065 1984 1099 2047 et
1119 1977 1244 2066 quen
1264 1977 1489 2046 clamationem
1503 1977 1641 2045 fideliter
1654 1982 1689 2045 et

216 2115 287 2183 sine
301 2113 376 2183 dele
390 2117 424 2181 et
436 2115 524 2182 maio
540 2114 673 2203 ingenio
695 2116 892 2184 servabimus
913 2121 947 2184 et
968 2121 1079 2185 senine
1101 2138 1211 2184 omnes
1231 2115 1378 2182 homines
1398 2113 1687 2182 warantizabimus

217 2251 265 2319 Et
278 2255 318 2319 ut
330 2250 485 2338 premissa
498 2251 662 2320 firmitatis
678 2251 778 2320 robur
791 2251 960 2321 obtineant
978 2253 1055 2321 huie
1073 2253 1190 2341 seripte
1211 2253 1320 2342 sigilla
1339 2257 1451 2320 nostra
1471 2250 1687 2340 eppomimus

218 2385 298 2454 Hiis
320 2387 464 2456 testibus

261 2549 464 2618 meum-⁴
475 2549 652 2639 Abinnatie
687 2553 827 2620 duorum
862 2553 1003 2621 filiorum
1039 2552 1062 2621 J
1064 2552 1200 2622 ohannis
1236 2552 1404 2640 Capeliani
1439 2551 1475 2618 in
1511 2551 1610 2619 feudo
1647 2551 1689 2617 de

219 2687 414 2758 Bensvills.’

797 3023 800 3031 1
853 2928 1056 2998 neem.

271 3101 435 3172 GRANT
463 3101 531 3171 BY
559 3101 773 3186 MORGAN,
804 3102 895 3173 soN
923 3103 984 3172 OF
1013 3101 1210 3188 ORADOO,
1240 3101 1299 3171 ΤΟ
1331 3101 1552 3184 MARGAM,
1583 3100 1644 3169 01⁴*

517 3239 651 3309 LAND
687 3240 743 3309 IN
780 3240 881 3308 THE
916 3241 1086 3310 MARSH
1123 3241 1184 3310 01⁴*
1221 3239 1396 3310 AVENE.

746 3413 880 3504 [Hans.
897 3416 961 3485 On.
978 3415 1078 3484 7513.
1095 3416 1167 3506 30.]
1551 3415 1646 3482 1205.
1689 3475 1698 3490 .

262 3574 424 3645 Omnibus
441 3575 558 3644 Sanete
572 3576 701 3645 eeulesie
715 3577 792 3646 filiis
804 3580 848 3646 ad
865 3599 946 3666 quos
965 3601 1096 3667 presens
1117 3579 1272 3667 seriptum
1292 3577 1474 3666 pervenerit
1494 3575 1691 3644 Mosuauus

220 3713 308 3782 tilius
321 3713 470 3783 ermom
485 3714 632 3784 miutem.

263 3873 379 3942 Sciatis
392 3897 445 3942 me
459 3875 583 3942 dedisse
597 3878 632 3942 et
645 3875 833 3944 eoueessisse
846 3880 881 3945 et
894 3877 955 3944 hae
968 3883 1057 3944 earta
1071 3877 1273 3944 eonfimasse
1286 3874 1359 3944 Deo
1373 3879 1407 3943 et
1423 3874 1551 3942 eeelesie
1573 3874 1691 3946 Sanete

219 4012 342 4081 Meum
363 4014 405 4082 de
425 4011 582 4080 Mamas
603 4017 638 4081 et
650 4013 817 4082 monaehis
829 4013 952 4083 ibidem
965 4013 1037 4083 Dee
1052 4013 1263 4084 servientibus
1275 4015 1311 4080 in
1325 4035 1441 4101 puram
1455 4017 1489 4080 et
1502 4018 1692 4101 perpetuum

216 4151 427 4219 elemosinam
439 4155 570 4240 pratum
584 4154 671 4238 quod
684 4153 752 4220 fuit
765 4152 840 4222 con
853 4152 890 4220 in
903 4153 1038 4222 marisee
1048 4154 1089 4220 de
1099 4152 1227 4220 Avnuu
1240 4151 1337 4240 juxte
1350 4149 1491 4218 Bnuess
1504 4149 1691 4220 habendum

218 4293 254 4356 et
268 4288 447 4357 tenendum
467 4289 509 4356 de
529 4311 583 4357 me
603 4293 638 4358 'et
657 4289 830 4359 heredibus
849 4293 931 4359 meis
951 4291 1051 4359 libere
1072 4295 1106 4358 et
1126 4291 1234 4378 quiete
1254 4289 1419 4356 reddendo
1439 4289 1610 4356 annuatim
1630 4310 1690 4376 pro

217 4426 309 4495 omni
322 4427 453 4496 servitio
469 4427 514 4494 ad
533 4427 654 4496 festum
675 4429 788 4498 Saneti
810 4429 1009 4498 Μισιιιιιιιι
1029 4453 1086 4497 xv.
1109 4430 1266 4498 denudes.
1311 4417 1359 4496 ni
1379 4449 1440 4516 ego
1461 4451 1519 4514 pre
1539 4425 1690 4496 manibus

218 4563 327 4652 aesopi
339 4565 505 4632 redditum
517 4566 619 4634 trium
632 4589 793 4636 annorum
806 4589 893 4636 anne
907 4568 949 4637 ab
962 4569 1182 4636 insumatiens
1194 4565 1329 4635 Domini
1343 4575 1391 4632 rs*
1407 4564 1625 4633 dueantammo
1636 4569 1691 4629 vt*

217 4699 268 4770 Et
287 4702 454 4771 seiendum
475 4705 563 4791 qued
583 4703 776 4773 Pmmaus
797 4706 901 4775 Mean
923 4705 1053 4795 quitum
1074 4705 1226 4774 elamsvit
1243 4703 1424 4792 predictum
1437 4705 1568 4790 pratum
1581 4721 1690 4771 eoram
