4125 5359
1595 519 1639 586 33

210 859 308 925 eauyu
329 835 342 905 i
364 832 648 903 eelliinihithet
667 830 1679 923 paudieeinndiguairetdirpullibronemiligneireland

208 972 490 1045 emorientur
509 993 546 1039 ar
566 968 1680 1059 hitiulaudinpanttrueiforrliuinidtruiipantdigonouirui

208 1134 245 1181 ar
261 1111 347 1179 (lum
363 1132 401 1177 ru
414 1110 512 1179 Annn
525 1110 560 1177 in
572 1106 682 1177 ΗΕΚΝ
697 1108 763 1175 trel
776 1106 921 1175 Gucnure
933 1108 1095 1197 diguniret
1109 1108 1175 1176 trui
1189 1108 1202 1174 i
1216 1108 1280 1175 eoit
1294 1106 1351 1175 het
1364 1108 1376 1173 i
1391 1108 1507 1189 nanti
1520 1110 1602 1175 nant
1616 1129 1653 1174 ar
1666 1107 1680 1187 i

208 1248 331 1317 hithet
351 1247 382 1317 ir
403 1246 486 1317 helie
507 1246 579 1315 luin
599 1246 717 1314 deinde
737 1246 752 1312 i
772 1243 1680 1333 parthuleddireruearallinianntrueilorddipenn

208 1384 316 1453 Gnm
333 1384 490 1453 Gumunn
504 1385 539 1452 di
553 1406 636 1471 guor
653 1382 745 1451 lureh
765 1384 788 1451 J
790 1405 938 1465 uuonan,
954 1381 1168 1450 Guonnuacn
1182 1382 1219 1450 ni
1232 1380 1283 1449 hit
1296 1381 1349 1450 dir
1363 1380 1460 1449 (laun
1475 1380 1527 1448 dir
1540 1403 1614 1449 eruo
1627 1381 1680 1451 dir

206 1520 307 1589 Onna
332 1543 369 1589 ar
393 1520 444 1588 hil
468 1521 482 1588 i
501 1520 575 1589 ford
593 1542 687 1589 maur
709 1543 728 1588 o
749 1519 831 1587 maia
852 1520 865 1586 i
886 1521 980 1609 gueir
1001 1520 1097 1589 elaud
1117 1520 1154 1587 in
1175 1518 1227 1587 hit
1245 1541 1334 1607 penn
1355 1518 1368 1585 i
1389 1518 1483 1609 gueir
1503 1518 1599 1585 elaud
1620 1518 1677 1587 ubi

205 1656 339 1747 ineepit.

715 1768 812 1854 (Reee
826 1767 909 1836 L.L.
926 1792 979 1857 pp.
996 1770 1072 1850 255,
1088 1768 1176 1856 537.)

871 2054 1022 2123 DXLII.

232 2218 424 2287 REGORD
461 2218 522 2285 OF
558 2218 657 2287 THE
695 2218 1055 2287 CONSECRATION
1091 2218 1152 2287 OF
1188 2186 1448 2301 HERWAIQ
1485 2217 1661 2287 BISHOP

766 2358 825 2425 OF
862 2357 1132 2427 LLANDAFF.

568 2517 718 2608 [Gomon
733 2520 830 2589 Mes.
876 2520 1065 2589 annurue
1079 2519 1164 2589 ΟΧ.
1180 2519 1205 2585 f.
1221 2520 1264 2586 84
1278 2516 1329 2607 b.]

1143 2682 1407 2766 eraunrrnn,
1429 2683 1518 2752 nl).
1543 2685 1638 2751 1059.

548 2846 604 2912 Dn
641 2844 918 2913 Oousncnarrone
956 2846 1156 2913 Hnnwannr
1193 2834 1352 2913 narseum.

255 2996 427 3063 Pmetante
440 2995 542 3064 totins
555 3000 708 3063 ereaturae
719 2994 855 3063 visibilia
869 3000 902 3062 et
915 2994 1088 3063 invisibilia
1101 3000 1230 3064 auctore
1243 3000 1343 3082 atque
1352 2995 1577 3083 gubernatore,
1588 3020 1685 3085 quem

211 3155 316 3200 unum
331 3132 586 3201 substantialiter
599 3133 786 3220 trinumque
801 3132 1011 3219 personaliter
1025 3132 1061 3199 in
1075 3155 1110 3200 ae
1124 3136 1157 3199 et
1171 3155 1228 3221 per
1242 3155 1276 3200 ee
1291 3131 1460 3202 submetere
1474 3135 1633 3203 eredimus
1652 3143 1687 3206 et

211 3270 403 3337 eonfitemur
416 3270 573 3337 universis
587 3269 773 3338 orthodoxae
795 3270 872 3337 lidei
893 3268 1071 3337 eultoribue
1091 3269 1305 3338 universalem
1326 3271 1403 3339 vitae
1424 3274 1592 3360 praeeentie
1612 3295 1685 3361 pro·

211 3406 398 3493 eperitatem
413 3412 447 3475 et
460 3408 645 3475 aeternalem
660 3406 912 3474 immortalitatis
927 3405 1137 3473 felicitatem.

253 3554 382 3623 Notum
397 3556 440 3622 eil
453 3555 610 3624 benivolee
623 3556 804 3644 prudentiae
818 3556 1000 3645 legentium
1013 3554 1075 3623 hoe
1088 3556 1250 3623 dictamen
1263 3579 1301 3623 ao
1315 3556 1580 3646 intelligentium,
1595 3562 1683 3647 quod
1791 3602 1796 3610 ,

211 3692 336 3760 eeleetie
361 3698 471 3779 pastor
495 3694 588 3761 ovilis
613 3693 759 3761 Olnistue
789 3692 939 3761 dominus
967 3692 1063 3781 eujus
1091 3693 1293 3780 providentia
1321 3699 1419 3781 atque
1446 3695 1683 3783 diepenaatione

211 3836 319 3899 totum
334 3852 448 3917 eorpus
462 3830 600 3899 aeolesiae
615 3830 772 3899 terrestris
786 3832 911 3919 regitur
926 3854 963 3898 ae
977 3830 1160 3918 disponitur
1173 3830 1330 3899 humilem
1346 3854 1405 3919 per
1421 3854 1537 3900 manue
1552 3833 1683 3922 impoei·

210 3970 335 4038 tionem
350 3969 374 4038 J
374 3990 481 4037 osnru
496 3970 634 4058 episeopi
648 3970 844 4038 Lannrvrm
859 3976 1077 4039 oonsooratum
1091 3971 1287 4038 eaeerdotem
1301 3970 1538 4039 Hnnwnunuu
1552 3977 1586 4041 et
1598 3972 1685 4042 inter

211 4108 353 4177 Aneros
367 4130 434 4177 non
448 4108 572 4177 modioo
587 4112 730 4197 tempore
745 4114 1005 4191 eommorantem,
1021 4113 1055 4177 et
1068 4114 1136 4177 tam
1150 4131 1257 4176 eorem
1273 4109 1361 4197 ipris,
1376 4132 1474 4198 quam
1493 4132 1600 4177 eoram
1616 4134 1683 4181 eum

211 4246 248 4315 iu
274 4250 323 4313 eet
346 4244 574 4313 eranurcm
598 4246 705 4335 gentis
730 4245 953 4335 potestatibus,
980 4246 1088 4335 gratia
1116 4252 1149 4314 et
1157 4244 1319 4314 moribus
1346 4246 1614 4334 preoelulgentem
1642 4251 1686 4317 ad

212 4384 442 4453 enuerdotalem
456 4382 650 4473 dignitatem
664 4383 802 4453 felieiter
815 4383 1058 4452 hunrmnsrs
1072 4384 1210 4452 eooleeiae
1226 4384 1298 4472 ejus
1310 4384 1462 4473 largiflua
1480 4385 1684 4455 miseratione

140 4588 147 4597 ,
210 4522 386 4591 elementer
399 4520 542 4610 elegerit.
588 4519 692 4611 Cujus
709 4520 872 4589 unanimis
891 4522 1014 4603 electio,
1030 4519 1073 4588 ab
1093 4522 1214 4589 invicto
1234 4544 1310 4611 rege
1330 4521 1480 4590 Gnrrruo
1498 4524 1685 4593 monarohia

209 4659 399 4729 Bmmruu
425 4659 624 4747 propellente
646 4664 681 4727 et
703 4659 863 4727 Mouaroo
884 4660 952 4727 filio
979 4659 1118 4727 Hownn
1143 4659 1415 4729 eonsentientibue
1439 4659 1621 4749 presulibus
1645 4684 1684 4730 ao
