4125 5359
1001 1075 1163 1144 Docxu

343 1235 510 1305 GRANT
548 1235 615 1305 ΒΥ
655 1236 843 1320 Imm,
887 1237 978 1307 SON
1018 1238 1081 1307 OF
1123 1235 1338 1316 MOBGAN,
1383 1234 1442 1305 ΤΟ
1486 1234 1708 1324 Manem,
1752 1233 1814 1303 01⁴¹

455 1373 655 1444 COMMON
696 1373 758 1443 OF
795 1375 1015 1445 Pannona
1054 1375 1121 1446 ΟΝ
1160 1373 1260 1444 THE
1300 1373 1421 1443 ml*
1460 1371 1571 1442 ama
1611 1372 1672 1442 OF
1714 1371 1816 1440 THE

452 1511 600 1580 Nm
928 1597 1097 1684 [remen
1119 1595 1232 1685 use]

389 1761 561 1829 Univerais
577 1760 695 1829 Sanote
708 1761 838 1829 eoelssie
851 1761 927 1830 liliis
940 1783 973 1849 p.
988 1785 1016 1830 e.
1033 1760 1058 1828 f.
1074 1760 1203 1830 Imrsau
1219 1760 1307 1829 illius
1319 1759 1489 1828 Monam
1503 1761 1650 1830 salutem.

388 1911 505 1979 Sciatis
518 1911 607 1999 qnod
620 1933 682 2000 ego
696 1911 829 1980 oonsilio
842 1917 877 1979 st
890 1933 1046 1978 eonsensu
1059 1911 1161 1999 patris
1174 1910 1239 1978 mei
1256 1916 1290 1979 et
1310 1911 1486 1980 amioorom
1507 1931 1654 1978 maomm
1673 1909 1812 1979 eonem

342 2053 378 2116 eb
392 2049 468 2116 dedi
481 2053 515 2116 et
528 2048 589 2116 beo
603 2053 692 2117 earla
705 2048 891 2116 eonflrmavi
905 2047 978 2116 Deo
991 2052 1025 2116 et
1040 2048 1169 2116 aeolesie
1182 2047 1300 2116 Sanele
1314 2049 1362 2115 M.
1375 2051 1416 2116 de
1427 2048 1583 2116 Maaoau
1594 2071 1621 2116 e.
1633 2072 1678 2116 m.
1690 2072 1723 2136 q.
1734 2049 1757 2116 i.
1770 2047 1813 2117 D.

343 2186 489 2253 serviunt
511 2236 519 2252 .
542 2186 578 2253 in
599 2185 807 2254 elemosinam
829 2238 837 2252 .
861 2207 1065 2254 eommnnem
1084 2190 1249 2273 pasturam
1263 2186 1364 2254 totius
1377 2191 1461 2253 teme
1477 2209 1546 2253 mee
1561 2209 1602 2252 ex
1616 2190 1757 2273 estparta
1773 2187 1816 2253 de

342 2322 449 2391 Nem
464 2328 624 2411 qnanbrm
638 2329 724 2392 terra
737 2347 810 2392 mea
823 2324 921 2391 diu-at
934 2325 970 2391 in
984 2324 1122 2412 longum
1135 2327 1170 2391 et
1182 2323 1219 2390 in
1234 2324 1337 2390 latum
1359 2372 1367 2389 .
1391 2323 1511 2411 ubique
1532 2327 1566 2390 et
1585 2324 1622 2391 in
1643 2323 1760 2392 boeobo
1780 2331 1815 2392 et

342 2459 379 2527 in
392 2460 491 2548 plano
505 2461 548 2528 ad
563 2460 672 2528 omnia
686 2461 875 2529 aisiamenta
889 2484 948 2529 sua
961 2462 1004 2529 ad
1017 2459 1204 2529 habendum
1219 2464 1252 2528 eb
1268 2461 1447 2529 tenendum
1466 2461 1565 2529 libere
1586 2465 1621 2528 et
1643 2461 1751 2548 quieta
1771 2459 1814 2529 ab

343 2597 432 2665 omni
453 2597 584 2664 servitio
605 2602 638 2665 et
659 2599 889 2665 oonsuebudine
911 2601 946 2666 et
965 2597 1133 2666 exactione
1152 2597 1286 2666 seoulari
1307 2597 1391 2666 sieut
1411 2599 1480 2666 ulla
1495 2597 1669 2667 elemosine
1682 2597 1815 2666 liberius

341 2733 455 2802 baberi
468 2738 503 2803 ab
515 2735 619 2802 teneri
633 2740 740 2822 potest
755 2787 762 2802 .
783 2735 831 2802 ila
849 2737 937 2822 quod
957 2757 1127 2824 nunquam
1148 2735 1357 2802 admittemus
1369 2757 1475 2824 neque
1489 2757 1550 2822 ego
1564 2757 1670 2824 neque
1684 2735 1818 2802 heredes

342 2871 408 2939 mei
429 2871 554 2959 aliquos
575 2871 660 2939 viros
680 2872 846 2961 religiosos
866 2873 903 2939 in
926 2879 1092 2960 past-unam
1116 2872 1221 2961 ipsam
1241 2877 1348 2960 preter
1369 2873 1527 2961 prediolos
1549 2871 1732 2940 monaoboa
1768 2869 1817 2940 Et

344 3009 510 3077 solendum
524 3009 612 3097 qnod
633 3031 695 3098 ego
716 3015 750 3076 et
770 3015 864 3098 pater
884 3033 974 3078 mens
995 3033 1091 3098 super
1111 3009 1292 3078 sanemaria
1313 3009 1494 3099 juravimus
1516 3011 1604 3096 quod
1626 3009 1686 3077 beo
1708 3009 1817 3077 omnia

344 3147 480 3214 firmiter
502 3151 536 3214 et
558 3147 697 3215 fideliler
720 3146 958 3215 observabimus
983 3153 1017 3216 et
1041 3147 1193 3236 prediobis
1219 3147 1382 3216 monoohis
1406 3147 1687 3216 warantizabimus
1706 3151 1817 3216 sonna

343 3307 455 3353 omnes
482 3284 629 3354 homines
656 3290 726 3352 lam
753 3284 920 3374 religiosos
948 3308 1047 3374 quam
1076 3285 1232 3354 seoulares
1260 3285 1343 3353 sieut
1369 3285 1576 3354 elemosinam
1607 3289 1752 3353 noslram
1779 3285 1816 3352 in

343 3427 545 3511 perpetuum
578 3422 658 3490 Hiis
671 3422 969 3500 lastibm.Hau1a
983 3430 1062 3490 tuno
1077 3424 1197 3491 deosne
1214 3475 1221 3490 .
1240 3423 1421 3491 Mauarmo
1434 3424 1623 3512 presbytero
1651 3424 1817 3491 Maarmo

344 3559 531 3646 presbytero
565 3558 728 3626 Hauruoo
741 3559 927 3647 presbytero
957 3558 1076 3626 Dama
1097 3559 1284 3648 pmsbylero
1317 3559 1459 3628 Rooasm
1473 3562 1540 3629 lilio
1560 3561 1669 3630 Wrau
1699 3559 1818 3628 Davm

346 3694 507 3763 Pmouan
543 3695 710 3764 Joaauaa
725 3695 813 3765 soon
850 3695 976 3764 Gauuu
991 3695 1257 3766 filiosomms.

389 3844 739 3928 Seabdarkredwax,
761 3845 961 3932 llindiam.
1007 3846 1066 3916 An
1087 3849 1198 3915 armed
1219 3847 1323 3938 figure
1344 3847 1455 3936 riding
1476 3851 1511 3917 to
1532 3848 1590 3916 ibe
1611 3871 1727 3938 proper
1746 3847 1818 3930 left,

345 3981 437 4070 right
450 4004 521 4050 arm
534 3983 704 4065 emended,
720 3985 825 4052 swerd
839 3985 953 4052 raised.
992 3985 1183 4075 Legem-⁶
1200 4003 1230 4057 ÷
1248 3985 1507 4054 s1o1nu’na1sau
1527 3983 1596 4054 rm’
1613 4037 1621 4053 .
1638 3984 1817 4054 nonam?

346 4116 418 4186 The
431 4117 517 4187 label
530 4119 567 4186 of
586 4121 643 4188 the
662 4120 996 4190 sedisinsoribed—‘
1006 4123 1048 4192 de
1062 4125 1202 4192 seeundo
1216 4123 1345 4212 sigillo!
1617 4197 1620 4210 ,

390 4265 831 4338 Endorsed-‘Oonfirmstio
846 4269 965 4340 Leiem
979 4273 1021 4341 de
1035 4273 1199 4342 oommnni
1212 4273 1374 4360 pasbua';
1391 4274 1498 4342 added
1511 4273 1548 4342 in
1561 4297 1582 4342 a
1593 4273 1677 4342 later
1685 4272 1820 4341 band-

345 4379 408 4472 ⁴'01
422 4410 492 4473 eut
504 4409 596 4494 pere
611 4407 652 4474 ee
667 4405 780 4474 uetes
