4125 5359
914 992 1008 1061 DLI.

257 1158 377 1227 POPE
421 1156 661 1225 omnes
704 1154 754 1225 Π.
787 1156 846 1225 ΤΟ
890 1154 991 1223 THE
1036 1154 1228 1224 OLERGY
1263 1154 1367 1223 AND
1411 1154 1561 1225 uem
1605 1158 1667 1225 01⁴*

328 1296 599 1378 LLANDAFF,
622 1292 812 1362 Unenvo
834 1292 1109 1362 OBEDI'ENOE
1131 1292 1190 1361 ΤΟ
1212 1291 1388 1361 BISHOP
1408 1292 1589 1362 URBAN.

1380 1457 1422 1522 16
1444 1454 1534 1537 Ocu,
1557 1458 1652 1524 1119.

271 1620 440 1688 Oserxrus
457 1620 645 1707 Episcopus,
665 1641 774 1687 servus
795 1641 958 1685 servorum
975 1618 1050 1701 Dei,
1071 1618 1196 1687 dileetis
1216 1619 1299 1700 filiis,
1321 1619 1451 1701 clericis,
1471 1620 1646 1702 menaeus,
1664 1625 1699 1688 et

226 1758 327 1839 leieis,
357 1758 392 1823 in
424 1757 666 1825 Lennsvnnms
696 1757 834 1824 eoelesiae
869 1756 1019 1843 pernobie
1049 1757 1240 1837 eonstitutis,
1264 1745 1401 1825 sulutem
1430 1761 1464 1824 et
1492 1756 1700 1844 spostolieem

224 1894 493 1963 benevolentiam.

268 2030 463 2099 Venientem
477 2031 519 2096 ed
533 2052 592 2097 nos
606 2029 820 2096 venerabilem
834 2030 969 2096 fratrem
983 2036 1130 2097 nostrum
1139 2030 1320 2098 Usennun
1332 2031 1528 2119 Episcopum
1543 2038 1696 2114 vestrum,

222 2168 365 2258 benigne
380 2168 594 2255 suseepimus;
613 2173 647 2235 et
660 2168 896 2255 oppressionem
907 2174 1021 2235 vestroe
1033 2168 1171 2235 eoolesiae
1183 2169 1358 2250 audientes,
1370 2167 1480 2236 debite
1491 2170 1520 2235 si
1530 2170 1700 2237 effectione

225 2306 381 2394 oompessi
410 2328 538 2387 eumus3
584 2306 742 2392 siquidem
771 2305 950 2372 insinuavit
978 2304 1072 2372 nobis
1100 2309 1238 2371 metrem
1268 2311 1406 2371 vestram
1435 2305 1698 2373 menevenses

228 2444 394 2511 eoelesiem
415 2467 516 2529 usque
538 2444 618 2511 odeo
639 2443 868 2510 moneehorum
891 2443 1104 2529 quorundam,
1127 2442 1322 2521 elerieomm,
1344 2466 1470 2509 nsenen
1493 2449 1527 2510 et
1547 2445 1702 2511 laieorum

228 2580 449 2647 invasionibus
471 2586 504 2648 et
524 2580 647 2667 repinis
670 2579 826 2660 attritum,
849 2586 887 2645 nt
908 2580 943 2645 in
966 2602 1003 2646 ee
1025 2580 1191 2666 episeopus
1211 2602 1341 2647 menore
1363 2580 1419 2646 vix
1440 2582 1548 2668 possit.
1605 2582 1702 2653 Quod

223 2718 368 2805 profesto
403 2722 436 2783 et
464 2718 557 2785 nobis
586 2741 684 2805 greve
714 2722 771 2799 est,
802 2724 835 2783 et
864 2718 906 2782 ed
931 2722 1111 2783 vestrarum
1142 2722 1265 2804 speotet
1298 2718 1477 2803 perieulum
1507 2720 1698 2787 enimenim.

224 2856 379 2925 Vestrum
409 2857 521 2943 iteque
550 2856 792 2923 universitatem
817 2855 920 2921 literis
945 2854 1157 2943 prsesentibus
1190 2854 1366 2935 visitantes,
1397 2879 1574 2939 menemus,
1604 2864 1701 2943 etque

226 2992 442 3081 praeeipimus,
458 3000 496 3059 ut
511 2994 649 3061 eundem
663 2995 797 3061 fratrem
812 2998 958 3059 nostrum
973 2992 1143 3059 effeetione
1157 2989 1267 3085 debite
1282 2993 1435 3080 diligetis,
1452 2998 1484 3059 et
1506 2982 1649 3061 debitam
1671 2996 1701 3061 ei
1718 3072 1728 3081 ·

226 3134 383 3216 tenquem
397 3132 483 3217 petri
498 3136 531 3197 et
545 3132 665 3217 posteri
686 3134 799 3209 vestro,
822 3130 1035 3195 reverentiam
1057 3136 1090 3195 et
1111 3129 1328 3198 obedientiam
1349 3132 1553 3217 impendatis.
1599 3134 1700 3201 Porro

225 3232 427 3333 eommissem
443 3267 504 3334 sibi
518 3267 692 3346 eeclesiam,
708 3270 843 3353 matrem
858 3270 1007 3345 vestram,
1023 3266 1106 3331 sieut
1119 3264 1198 3332 boni
1218 3268 1279 3331 filii
1293 3268 1458 3353 edjuvere‚
1474 3275 1507 3336 et
1524 3270 1648 3338 ebletss
1669 3272 1699 3338 ei

224 3403 435 3490 possessiones
458 3410 491 3471 et
515 3404 601 3472 bone
625 3426 821 3490 reeuperere
848 3405 1024 3469 seeundum
1047 3404 1158 3471 detem
1181 3404 1271 3472 vobis
1296 3429 1316 3472 e
1341 3405 1483 3474 Domino
1509 3408 1698 3476 ieevrltetem

224 3540 362 3607 viriliter
376 3542 541 3623 studeatis,
559 3542 630 3609 eliis
645 3562 772 3627 quoque
783 3539 921 3607 eeclesiis
933 3538 1177 3608 Lennsvmnsrs
1189 3543 1348 3628 peroebise
1362 3545 1472 3612 debite
1486 3548 1700 3631 persolventes

223 3678 430 3745 revelationis
452 3686 485 3745 et
505 3678 746 3746 restemetiouis
768 3677 813 3743 eis
835 3700 968 3744 menum
990 3701 1150 3765 oppenere
1171 3681 1367 3766 pmeuretis;
1393 3704 1451 3769 per
1464 3683 1525 3750 hoe
1546 3685 1644 3765 enim,
1666 3692 1699 3751 et

224 3816 456 3902 omnipotentie
478 3814 542 3883 Dei
563 3815 828 3895 benedictionem,
852 3821 885 3881 et
906 3815 1046 3903 gretiam
1076 3822 1109 3883 et
1136 3818 1355 3885 remissionem
1384 3826 1562 3889 vestrorum
1590 3846 1698 3890 eonse-

223 3952 370 4039 quemini
385 3959 595 4039 peeeeterum.

269 4089 395 4156 Detum
409 4088 581 4157 Senesom.
626 4112 711 4155 xvn.
728 4089 851 4157 oelend.
867 4088 1043 4158 Novembr.

741 4236 839 4323 (Rees
854 4237 936 4307 L.L.
953 4263 1007 4328 pp.
1024 4243 1078 4323 89,
1095 4242 1184 4328 562.)
