4125 5359
396 586 439 652 22

352 898 499 987 pluribus
514 898 555 965 de
570 898 754 966 melioribus
767 902 871 987 regni,
887 906 920 967 et
942 900 1028 969 loeta
1048 902 1211 990 juratione
1234 906 1267 967 et
1289 900 1476 969 oonlirmato
1498 902 1607 968 federe
1628 906 1701 989 poet
1722 902 1821 970 inter·

352 1035 475 1103 vallum
488 1034 669 1103 Moumous
682 1058 740 1103 rex
755 1038 861 1124 potius
875 1038 1010 1126 perjurii
1024 995 1184 1127 partioeps
1197 1044 1294 1125 rupta
1308 1061 1385 1126 paos
1399 1060 1459 1105 sua
1472 1044 1505 1105 et
1519 1039 1555 1105 in
1570 1061 1670 1106 mona
1683 1040 1822 1128 episoopi

350 1172 556 1254 oonsolidata‚
579 1172 664 1261 oepit
686 1172 888 1256 Flmumuu,
912 1180 945 1242 ot
966 1175 1001 1242 in
1023 1199 1180 1243 oaroerem
1202 1198 1297 1242 suum
1318 1176 1453 1243 missum
1474 1176 1608 1243 abstulit
1630 1177 1661 1244 ei
1683 1199 1821 1264 regnum

224 1318 231 1327 '
350 1309 448 1377 simul
473 1310 639 1377 etlumen
661 1311 825 1377 ooulorum
849 1313 986 1379 duoente
1007 1313 1103 1379 illum
1128 1311 1266 1380 orbitate
1288 1313 1332 1379 od
1355 1313 1534 1379 interitum.
1580 1313 1627 1381 Et
1650 1321 1821 1401 postquam

349 1448 475 1516 audivit
496 1448 661 1535 episoopus
682 1447 839 1514 violatum
864 1447 957 1515 ledus
976 1449 1146 1516 maledixit
1169 1448 1295 1537 Regem
1317 1447 1467 1535 iniquum
1488 1454 1521 1517 et
1543 1450 1765 1517 malefaotoroe
1786 1458 1820 1519 ot

350 1585 546 1653 oonsilierios
573 1607 632 1672 pro
662 1584 749 1651 leota
777 1586 920 1672 perjurio
950 1592 982 1652 et
1011 1586 1184 1653 homioidio
1210 1586 1374 1653 advoootis
1402 1585 1550 1654 omnibus
1579 1587 1700 1654 olorinis
1720 1588 1820 1655 totius

348 1723 507 1811 paroohiae
521 1724 609 1791 inlra
621 1724 763 1789 hostium
779 1722 936 1791 Teanum
952 1724 987 1791 in
1009 1723 1088 1792 Gon
1109 1729 1143 1790 et
1164 1724 1306 1789 hostium
1327 1722 1418 1790 Tum
1441 1726 1528 1811 apud
1549 1723 1764 1791 hennam
1785 1731 1818 1791 et

348 1860 612 1929 oonfirmantibus
627 1861 820 1928 sententiam
834 1862 1029 1929 onnonioam.
1058 1860 1132 1927 Rex
1143 1884 1283 1947 nequam
1296 1861 1410 1927 videns
1424 1862 1666 1928 damnationem
1680 1884 1772 1930 auam
1786 1868 1820 1930 et

346 2002 473 2066 tantam
496 1998 858 2071 exeommunioationem
881 1999 1016 2065 aufferre
1038 2000 1136 2064 non'
1161 1998 1329 2085 requisivit
1346 1999 1475 2065 veniam
1494 1998 1582 2085 apud
1605 1996 1817 2066 Lauuavm

347 2141 380 2203 et
393 2136 481 2223 apud
503 2135 611 2202 Deum
631 2158 689 2223 per
709 2135 968 2203 interoossionem
990 2140 1173 2203 sanotorum
1197 2135 1362 2203 Dunmcn
1385 2134 1534 2202 Tenum
1556 2142 1590 2203 et
1610 2134 1763 2203 Ounooni
1785 2142 1818 2204 et

345 2273 476 2342 Josnun
491 2274 640 2361 episeopi,
656 2277 690 2340 et
704 2274 781 2340 data
800 2272 861 2339 sibi
876 2273 971 2340 venia
989 2272 1086 2340 simul
1107 2296 1181 2340 oum
1201 2272 1317 2360 junota
1337 2274 1532 2360 poenitentia
1552 2274 1692 2361 largitus
1712 2279 1761 2341 est
1781 2274 1817 2341 in

346 2412 519 2479 elemosina
533 2412 605 2479 Deo
626 2419 660 2479 et
682 2418 791 2479 sanoto
815 2412 995 2493 Duamcm,
1018 2411 1175 2478 Tanmuo
1192 2417 1225 2478 et
1244 2410 1402 2479 Ouuocno
1423 2417 1457 2479 et
1475 2412 1499 2479 J
1500 2434 1607 2480 ossan
1624 2414 1770 2499 episoopo
1783 2418 1818 2479 et

344 2549 494 2619 omnibus
508 2550 689 2637 presulibus
700 2550 894 2618 Lanuuium
909 2550 1023 2617 villam
1039 2550 1140 2616 Paua
1155 2547 1282 2615 1Pa1sc
1295 2550 1331 2615 id
1341 2554 1390 2615 ost
1400 2547 1580 2615 Dirramu
1590 2547 1733 2615 Αιιοιιιιι
1743 2572 1816 2615 oum

344 2710 403 2755 sne
416 2692 486 2755 tota
500 2687 648 2755 libertato
664 2692 697 2756 et
711 2690 788 2755 data
810 2690 899 2756 omni
921 2688 1145 2755 eommunione
1167 2688 1281 2754 ineolis
1302 2688 1337 2753 in
1352 2710 1465 2774 oampo
1480 2692 1514 2753 et
1527 2687 1563 2753 in
1578 2686 1668 2753 silvia
1681 2687 1718 2753 in
1732 2710 1817 2774 aqua

274 2834 280 2839 '
343 2830 378 2894 et
391 2827 427 2893 in
441 2826 567 2912 pasouis
581 2830 615 2893 et
628 2826 697 2893 sine
713 2826 780 2893 ullo
795 2826 927 2891 eorvioio
950 2825 1010 2892 ulli
1032 2790 1157 2891 homini
1179 2829 1306 2891 terreno
1327 2825 1390 2891 nisi
1412 2824 1551 2891 eooleoiae
1573 2822 1769 2891 Leonam
1782 2830 1817 2891 et

342 2962 524 3052 pastoribus
542 2962 614 3051 ejus
635 2963 845 3050 imperpetuo.
892 2962 939 3030 Et
953 2962 1089 3029 alteram
1103 2963 1216 3029 villam
1230 2961 1327 3028 Tune
1342 2960 1457 3029 Fleuo
1471 2962 1507 3028 in
1522 2961 1705 3029 Saonnum
1719 2961 1817 3029 idest

342 3101 423 3168 villa
453 3101 593 3168 filiorum
639 3099 833 3172 chuaum
862 3122 978 3187 agrum
1007 3102 1108 3167 trium
1137 3101 1327 3167 modiorum
1374 3099 1421 3165 Et
1446 3098 1675 3166 Lauumusuc
1700 3121 1816 3186 agrum

275 3219 279 3249 ¹
342 3238 443 3305 trium
459 3238 639 3305 modiorum
659 3260 733 3305 oum
755 3238 844 3304 omni
866 3260 923 3305 sna
945 3238 1094 3305 libertate
1117 3248 1150 3306 ot
1172 3242 1241 3304 tota
1262 3237 1487 3303 communione
1508 3241 1547 3302 nt
1561 3236 1743 3323 prediotum
1755 3242 1813 3302 ost

342 3374 395 3443 De
409 3375 530 3442 oleriois
544 3378 640 3442 testes
655 3380 731 3441 sunt
746 3374 877 3442 Josnau
900 3376 1066 3463 episeopus
1086 3375 1181 3442 Rom
1202 3375 1347 3441 sooerdoe
1369 3374 1600 3442 Οιιιιιιιιιιιιιι
1621 3373 1815 3461 equonimua

341 3512 430 3580 filius
443 3510 622 3579 Bannoun.
668 3510 799 3580 Josanu
821 3513 965 3579 sooordos
986 3512 1119 3579 Inuum.
1166 3511 1218 3579 Do
1233 3512 1324 3579 laioia
1338 3510 1518 3578 Moumous
1533 3508 1607 3576 Rex
1621 3514 1656 3576 ot
1670 3507 1814 3577 Heium.

342 3654 434 3737 poter
449 3670 525 3716 suus
539 3649 696 3717 &uenus
711 3649 796 3715 filius
812 3648 946 3716 Guamo
960 3648 1098 3716 Bnnmn
1112 3648 1279 3716 Lusum.

386 3836 480 3903 Finis
493 3835 626 3903 Dinnis
641 3836 781 3903 Αιιοιιιιι
796 3842 845 3903 est
858 3858 877 3903 ο
892 3834 1026 3902 dnnauu
1043 3834 1221 3902 Danaum
1236 3834 1286 3901 hit
1305 3834 1335 3901 ir
1354 3834 1414 3901 allt
1433 3835 1469 3901 in
1484 3835 1535 3902 hit
1549 3834 1604 3901 bet
1618 3835 1671 3901 riu
1685 3834 1814 3903 Tiuum

342 3994 379 4041 m
394 3973 491 4041 Pom
505 3993 543 4039 m
557 3971 670 4039 Ionan
686 3972 737 4037 dir
752 3970 848 4039 osas
864 3970 927 4038 luit
944 3970 1072 4060 erigens
1093 3994 1220 4037 sursum
1239 3994 1327 4060 poan
1348 3970 1407 4039 Aa
1429 3971 1555 4039 Οιυιιιιι
1575 3994 1649 4040 orno
1672 3972 1718 4039 R1
1740 3971 1813 4039 Dia

344 4110 432 4179 (lana
446 4109 503 4177 het
516 4109 657 4176 Antonin
670 4108 706 4175 in
720 4108 770 4175 hit
784 4107 841 4176 het
855 4106 1019 4176 Iaunmu.

385 4282 479 4351 Finis
499 4282 565 4350 trel
586 4282 710 4349 Ειιιυ.
756 4282 802 4349 Or
823 4305 935 4371 guoun
957 4284 1014 4351 het
1039 4285 1052 4349 i
1077 4307 1148 4351 mor
1172 4283 1388 4372 longitudine,
1412 4307 1432 4351 o
1458 4282 1556 4351 Tanr
1580 4282 1729 4351 L1oouuo
1753 4282 1811 4351 het

342 4421 439 4491 Tur
453 4378 571 4489 'lacau
585 4420 768 4487 latitudine.

383 4596 477 4665 Finis
501 4594 739 4677 huumuiue,
769 4594 909 4661 latitudo
938 4594 1011 4683 ejus
1038 4595 1125 4661 inter
1150 4594 1319 4663 Oeamoou
1346 4596 1518 4684 longitudo
1544 4594 1616 4683 ejus
1641 4618 1743 4684 nsque
1767 4598 1811 4665 ad

338 4736 475 4825 longum
488 4734 639 4823 lapidem
