4125 5359
1603 561 1790 626 69.

218 875 368 963 proxima
390 880 468 943 tuno
489 875 652 943 mediante
674 876 921 965 quadragesima
945 880 985 943 ut
1002 876 1051 957 ‚ad
1073 879 1216 944 nostram
1237 876 1386 943 venirent
1409 878 1603 964 presentiam
1624 878 1691 947 tuis

218 1014 400 1101 responsuri
424 1014 632 1101 querimoniis
654 1014 810 1082 invitasti.
857 1013 926 1101 Ipsi
950 1036 1024 1081 vero
1048 1014 1170 1101 prefixa
1198 1014 1336 1081 termino
1359 1037 1419 1081 neo
1441 1020 1609 1098 venenmt,
1630 1040 1692 1085 nee

219 1153 416 1239 responsales
444 1152 610 1219 miserunt.
655 1151 757 1218 Unde
780 1150 1014 1217 eommunioato
1035 1150 1175 1218 matrum
1196 1156 1378 1218 nostrorum
1399 1153 1531 1221 oonsilio
1552 1154 1691 1221 duorum

220 1289 352 1356 testium
367 1290 539 1357 assertione
554 1294 708 1377 suseepta,
728 1294 772 1370 ts,
792 1290 834 1355 de
854 1288 1004 1375 parochia
1025 1290 1113 1355 unde
1134 1288 1318 1375 oonquestio
1339 1289 1448 1357 fuerat
1467 1289 1692 1360 investivimus

221 1426 310 1494 salva
334 1431 444 1493 tamen
475 1428 604 1514 justitia
629 1426 832 1495 aeclesiarum
854 1424 1119 1493 Hnaroararsrs
1139 1430 1173 1492 et
1193 1424 1305 1494 Sanoti
1325 1426 1455 1495 Dnum.
1501 1426 1692 1498 Terminum

220 1586 297 1631 vero
326 1564 402 1632 dedi
427 1569 461 1631 et
488 1564 554 1632 iliis
582 1564 763 1651 proximam
791 1570 870 1631 tuno
898 1562 1095 1632 mediantem
1123 1565 1413 1666 qupdragesimam,
1442 1567 1624 1650 statuimus,
1653 1572 1693 1637 ut

220 1702 350 1790 plenius
378 1704 508 1791 oognita
536 1702 671 1771 veritate
696 1706 795 1789 atque
819 1702 961 1769 diseussa
987 1724 1079 1769 suam
1100 1701 1273 1788 animmque
1298 1702 1460 1789 justitiam
1484 1726 1691 1773 servaremus

219 1838 323 1907 Porro
352 1839 414 1925 ipsi
442 1862 502 1906 neo
526 1840 625 1906 etiam
649 1840 706 1906 illo
729 1839 867 1907 termino
894 1839 1062 1919 venerunt,
1089 1862 1148 1906 neo
1175 1862 1326 1926 personas
1350 1830 1424 1928 qum
1447 1864 1576 1909 seusam
1598 1865 1691 1911 stram

223 1980 360 2065 agerent
372 1977 415 2043 ad
429 1981 572 2044 nostram
593 1977 787 2066 presentiam
808 1976 1004 2043 direxenmt.
1050 1975 1104 2043 su
1125 1981 1243 2059 autem,
1265 1963 1550 2061 frater'Uaasun,
1571 1984 1694 2048 statuto

222 2114 364 2181 termino
377 2120 509 2201 paratus
524 2137 597 2181 eum
611 2113 747 2183 testibus
761 2120 870 2182 nostro
890 2120 923 2181 te
945 2115 1128 2202 oonspeotui
1150 2115 1349 2202 presentasti.
1394 2115 1441 2183 Et
1461 2140 1521 2184 nos
1540 2118 1695 2187 invitatos

223 2251 426 2338 aliquamdiu
440 2254 643 2337 expectantes
657 2274 713 2319 sex
726 2252 858 2319 testium
873 2252 1060 2340 juramenta
1080 2250 1285 2338 susoepimus,
1300 2274 1438 2339 quorum
1455 2253 1530 2334 duo,
1545 2219 1696 2323 videlieet

191 2393 194 2402 '
224 2389 359 2477 quidam
380 2386 536 2476 presbiter
556 2388 683 2475 sapiens
704 2394 737 2455 et
762 2388 879 2457 Marus
902 2388 1003 2456 laious
1030 2388 1224 2477 juravenmt
1247 2388 1432 2474 paroehiam
1454 2390 1546 2457 illam
1568 2393 1609 2458 de
1630 2416 1696 2479 qna

225 2524 440 2593 oontroversia
469 2524 663 2612 agitabatur,
693 2525 813 2593 soilioet
838 2525 968 2592 Genua
1001 2523 1178 2591 camum
1216 2523 1494 2593 Cannensium
1523 2526 1697 2597 Esrnam

226 2660 345 2727 Euam
374 2660 462 2727 infra
486 2660 730 2728 Lannavansvs
754 2662 954 2750 episeopatue
976 2661 1132 2727 terminos
1155 2661 1322 2745 oontineri,
1348 2664 1467 2732 soilioet
1483 2665 1570 2734 inter
1583 2668 1700 2736 fluvios

227 2797 319 2865 'Pver
334 2804 367 2866 et
383 2796 462 2879 Gru,
478 2802 559 2865 etse
573 2798 689 2867 vidisse
704 2798 902 2865 Envaanuu
917 2799 1102 2901 episeopum
1115 2803 1345 2867 antecessorem
1367 2810 1461 2870 tuum
1481 2826 1540 2890 per
1560 2808 1698 2891 quadra·

228 2936 324 3024 ginta
337 2958 439 3003 annos
453 2937 589 3003 eandem
602 2936 787 3023 paroehiam
802 2936 909 3023 quiete
924 2941 958 3003 et
971 2935 1092 3022 absque
1108 2935 1343 3023 interruptione
1364 2940 1525 3023 eanonioa,
1547 2942 1697 3011 tenuisse

227 3072 299 3139 Alii
318 3095 395 3140 varo
416 3078 564 3159 quatior,
586 3074 745 3155 videlieet,
770 3074 952 3141 Roassrus
972 3078 1006 3140 et
1030 3072 1214 3141 Jonannne
1234 3074 1413 3161 presbiteri,
1435 3076 1644 3147 emamus
1666 3086 1700 3148 et

227 3210 338 3277 Anam
352 3210 479 3278 diaooni
492 3209 684 3298 juraverunt
700 3216 808 3298 patres
829 3234 903 3278 suos
923 3212 981 3298 qui
1002 3214 1133 3299 propter
1154 3210 1279 3277 senium
1300 3215 1343 3279 ad
1364 3215 1472 3281 sedem
1493 3218 1700 3302 apostoiioam

227 3348 340 3415 venire
353 3370 420 3413 non
434 3352 584 3434 poterant
597 3346 657 3415 hoe
668 3347 755 3415 idem
765 3348 899 3436 jurasse,
912 3352 945 3415 et
954 3351 994 3415 ut
1003 3348 1039 3414 in
1053 3352 1163 3415 nostra
1175 3348 1323 3436 jurarent
1332 3353 1501 3437 presentia,
1513 3356 1698 3442 preoepisse.

228 3484 301 3554 Noe
315 3486 418 3574 igitur
432 3510 473 3553 ex
488 3490 651 3557 oommuni
664 3489 804 3558 matrum
818 3494 1001 3557 nostrorum
1015 3490 1234 3577 episeoporum
1255 3493 1290 3554 et
1310 3490 1523 3557 omdinalium
1544 3493 1700 3561 delibera·

224 3624 319 3691 tione
333 3626 591 3710 prenominatam
611 3626 796 3714 paroehiam
815 3626 935 3714 absque
957 3626 1191 3714 inquietatione
1211 3626 1415 3693 eoolesiarum
1436 3626 1701 3697 Haaroarnnms

229 3764 265 3825 et
287 3760 390 3827 saneti
413 3760 533 3828 Dium
556 3763 609 3830 vel
637 3764 777 3851 alieuius
805 3764 937 3831 alterius
965 3762 1026 3829 tibi
1052 3768 1086 3830 et
1110 3760 1338 3829 suooessoribus
1359 3764 1427 3830 tuis
1450 3772 1605 3853 perpetuo
1626 3768 1701 3855 jura

229 3896 415 3965 habendam
428 3899 715 3988 possidendamque
730 3901 919 3969 sensuimus.

276 4044 351 4133 Ego
365 4045 548 4116 Honoarue
562 4048 726 4117 eatboliose
740 4049 879 4119 οοοΙθείω
894 4051 1070 4139 episeopus.
1114 4049 1148 4118 S.

277 4194 404 4264 Datum
417 4194 610 4282 Lanam,
626 4221 666 4266 ιι.
681 4199 770 4268 Non.
793 4199 900 4287 April.
946 4200 1131 4268 Indistione
1152 4220 1216 4265 vu.
1239 4220 1326 4265 anno
1348 4198 1580 4269 inamaaonis
1600 4204 1704 4271 domi·

230 4332 315 4399 nioae
330 4353 541 4401 moxxvnu.
558 4334 770 4405 Pontifioatus
784 4343 893 4405 autem
907 4338 1031 4404 domini
1049 4336 1206 4405 Hononn
1221 4334 1310 4422 Pape
1324 4337 1455 4405 semmdi
1469 4360 1556 4406 anno
1570 4360 1603 4406 v.

750 4496 847 4583 (Rees
861 4496 944 4565 lala
961 4519 1016 4585 pp.
1032 4498 1087 4577 39,
1104 4496 1193 4583 579.)
