4125 5359
781 862 1048 935 Dcoxxvm.

182 1002 346 1074 sam
374 1001 442 1073 ΒΥ
465 1002 618 1086 ΑΒΔΜ,
644 1002 733 1073 SON
760 1002 821 1073 OF
850 1002 1021 1085 ΒΟΘΕΒ,
1047 1000 1319 1073 mensumn
1344 1003 1405 1073 OF
1429 1002 1650 1087 omma,

364 1126 425 1197 OF
454 1126 588 1197 LAND
617 1126 754 1197 NEAB
781 1126 883 1197 THE
910 1127 1163 1199 vlvnawu
1190 1128 1256 1196 Dat
1285 1126 1464 1199 RAATH.

709 1266 843 1357 [Ham
860 1266 925 1337 On.
941 1268 984 1335 75
1000 1266 1038 1337 0.
1053 1265 1126 1357 44.]
1258 1264 1381 1333 usur
1396 1267 1487 1335 ltine
1500 1264 1605 1333 (iarn.

225 1404 384 1475 Omnibus
413 1404 530 1473 Sannio
558 1404 688 1473 eadeaie
715 1404 792 1473 tiliis
819 1404 1020 1493 presentibus
1048 1410 1083 1473 et
1114 1404 1236 1473 futuru
1262 1402 1371 1473 Δυιι
1399 1402 1488 1473 fliius
1514 1402 1652 1473 noem

181 1543 315 1631 portarii
337 1543 377 1611 de
399 1540 562 1609 Kaunnm
586 1591 594 1608 .
617 1542 763 1611 salutem

223 1680 362 1749 Noverit
376 1680 568 1749 universitas
582 1685 689 1749 sesua
701 1682 789 1769 quod
803 1702 864 1771 ego
879 1682 1010 1749 oonsilio
1025 1686 1060 1750 et
1073 1702 1230 1750 eonsensn
1241 1678 1352 1747 uxoris
1365 1700 1436 1747 mae
1449 1677 1652 1747 etheredum

180 1840 326 1889 meorum
339 1820 374 1885 et
387 1818 524 1887 alionum
535 1818 711 1887 amioorum
720 1840 866 1887 meorum
877 1819 1014 1887 oonoessi
1025 1823 1060 1886 et
1073 1818 1150 1887 dedi
1160 1821 1194 1885 et
1208 1817 1270 1885 hae
1283 1814 1653 1885 emtaoonfirmaviDeo

180 1962 214 2025 et
235 1956 363 2025 eoelesie
385 1954 502 2024 Ssnote
523 1954 645 2023 bisam
667 1958 707 2024 de
729 1955 885 2024 Manem
908 1960 942 2025 et
962 1956 1128 2025 monachis
1148 1955 1270 2024 ibidem
1292 1954 1364 2025 Deo
1385 1954 1596 2025 servientibus
1616 1954 1653 2024 in

181 2094 388 2163 elemosinam
408 2092 545 2161 liberam
570 2096 604 2161 st
628 2092 772 2185 quietam
798 2092 839 2161 ab
865 2093 954 2161 omni
976 2095 1106 2162 servitio
1127 2100 1162 2163 et
1182 2094 1413 2164 eonsuetudino
1433 2099 1468 2161 et
1487 2093 1655 2163 exactione

181 2230 315 2299 seoulari
337 2252 393 2297 xv.
417 2252 505 2298 aeras
523 2236 608 2298 terre
625 2252 696 2297 mee
716 2230 964 2298 arabilis.etv.
982 2231 1509 2320 eorespratijuxtavirariumde
1526 2230 1654 2299 Rasum

181 2368 345 2436 reddendo
366 2366 448 2435 mihi
470 2372 503 2434 et
523 2365 694 2435 heredibus
708 2388 773 2433 uu.
790 2367 938 2436 denanoa
951 2370 1123 2437 annuatim
1136 2369 1312 2437 adtentum
1326 2368 1438 2437 Sanoti
1457 2368 1655 2436 M1cnann1s

182 2527 241 2593 pro
263 2503 351 2573 omni
372 2503 511 2573 servitio.
557 2502 604 2571 Et
626 2526 686 2592 ego
701 2509 735 2571 at
747 2504 881 2572 heredes
898 2505 963 2572 mei
982 2506 1135 2593 prediotis
1155 2506 1320 2574 monaehia
1340 2506 1518 2595 prediotam
1534 2510 1655 2573 tamam

182 2641 461 2711 warantizabimus
489 2646 601 2709 oontrn
630 2662 741 2709 omnes
768 2640 915 2709 homines
942 2643 979 2710 in
1007 2649 1209 2731 perpetuum.
1277 2642 1375 2717 Quod
1404 2643 1431 2710 ai
1463 2642 1548 2711 forta
1581 2662 1655 2712 eam

182 2780 388 2849 wanantinare
402 2800 468 2847 non
487 2778 664 2866 poterimus
680 2828 687 2843 .
703 2778 745 2846 do
758 2778 882 2866 reliquo
896 2783 1080 2849 tenemento
1094 2785 1205 2849 nostro
1217 2782 1413 2849 tantundem
1426 2780 1473 2849 eia
1493 2778 1651 2849 dabimus

182 2916 278 2987 'l'eato
292 2914 485 2985 Herennio
498 2915 567 2983 fllio
580 2914 755 2983 Turturum
774 2968 782 2983 .
806 2915 969 2983 Hsuarno
983 2917 1052 2985 filio
1064 2917 1210 2985 Uneam
1227 2917 1443 2987 nrobidiaooni
1465 2968 1474 2985 .
1497 2917 1654 2986 Ricaano

179 3054 221 3122 de
236 3054 358 3123 ΒΑΜ).
375 3054 548 3123 &rumano
564 3104 571 3119 .
587 3052 768 3122 Ntcnonso
782 3053 850 3121 filio
864 3053 1053 3122 Hunnnnnn
1068 3107 1077 3121 .
1093 3056 1236 3123 Bonum
1251 3054 1463 3125 Cumanum

227 3192 348 3262 Rounu
363 3194 437 3275 soal,
453 3214 552 3282 green
566 3214 649 3274 wax,
667 3192 752 3279 liin.
769 3192 887 3274 dism.;
911 3217 930 3259 a
944 3194 1059 3261 dexter
1071 3194 1161 3263 hand
1174 3196 1242 3263 and
1254 3216 1335 3277 arm,
1350 3192 1507 3282 grusping
1520 3214 1540 3259 a
1553 3192 1629 3281 hey.

665 3332 698 3397 Ἰ-
714 3351 898 3397 emmanu.
914 3352 982 3397 sna
998 3382 1006 3397 .
1023 3352 1181 3399 ronnsns.

225 3466 552 3537 Endorsed-‘Oarta
565 3468 675 3537 Adam
689 3468 831 3537 Portarii
845 3469 886 3537 de
900 3468 1063 3537 Konna?

803 3754 1022 3824 Docxm

257 3888 419 3959 GRAN'P
449 3890 510 3958 011·
538 3891 572 3957 Δ
601 3888 733 3958 ΒΕΝΤ
761 3890 823 3957 OF
851 3888 1057 3961 TWELVE
1086 3890 1242 3963 PENOE
1274 3894 1335 3966 ΤΟ
1364 3896 1576 3967 Maleum

518 4036 520 4041 ·
636 4014 703 4083 ΒΥ
738 4016 880 4085 ΑΒΑΜ
914 4016 1195 4086 PORTARIUS.

709 4150 842 4240 [Hsan.
859 4152 923 4220 On.
939 4154 981 4219 75
997 4152 1033 4223 O.
1050 4153 1127 4243 to]

226 4288 385 4357 Omnibus
398 4287 516 4358 daneta
530 4289 658 4357 eoolssie
672 4288 749 4357 filiis
761 4291 963 4377 presentibus
978 4296 1012 4361 et
1025 4292 1148 4362 futuris
1159 4294 1269 4361 Δυωι
1281 4296 1446 4383 portur-im
1454 4298 1601 4367 salutem

225 4427 363 4497 Noverit
375 4427 568 4497 universitas
581 4432 753 4495 vesmame
773 4450 928 4497 oonsensn
945 4434 979 4499 et
1000 4432 1132 4499 oonsilio
1154 4430 1282 4499 horsa
1304 4434 1365 4501 tilii
1385 4435 1452 4503 mei
1471 4441 1507 4504 et
1524 4436 1652 4507 heredis

181 4566 246 4637 mei
267 4565 467 4651 aliorumque
488 4564 664 4631 amioorum
688 4586 834 4633 meorum
860 4568 984 4635 dedisse
1006 4574 1042 4636 et
1064 4570 1251 4639 oonoaasisse
1275 4561 1375 4660 dena
1398 4574 1540 4661 presenti
1563 4580 1652 4645 earta

181 4700 1653 4797 aonfirmaeaepronnimameaatproonimabuspsedeoessorumatqneanooeeaornm
