4125 5359
397 540 461 609 146

352 855 493 943 pmb‘meb
506 854 549 923 ed
565 852 774 943 [deieo]bum.
819 853 867 923 m
880 854 908 922 si
923 854 1097 944 eontigerit
1111 856 1199 943 qaod
1212 855 1331 944 aliquis
1344 858 1582 945 calumpniam
1594 859 1695 929 fuerit
1704 867 1825 931 terram

352 992 444 1061 illam
467 1044 474 1059 .
499 1014 558 1059 nos
571 992 851 1061 warantizabimus
869 994 1012 1081 predicte
1031 994 1160 1063 abbaiie
1178 999 1290 1063 eontra
1310 1017 1422 1064 omnee
1444 995 1624 1087 [homines]
1649 1050 1823 1069 ......

350 1134 384 1197 et
412 1150 541 1199 emnem
565 1130 764 1217 parentelam
791 1132 936 1201 nostram
962 1183 970 1199 .
1001 1136 1036 1199 et
1063 1137 1174 1201 eontra
1198 1155 1311 1201 omnes
1335 1135 1393 1221 qui
1417 1135 1494 1203 inde
1518 1135 1556 1205 in
1580 1137 1670 1205 ouria
1696 1138 1823 1207 eomib'a

352 1265 506 1355 placitare
531 1265 692 1335 voluerint
716 1316 724 1334 .
749 1271 783 1335 eb
805 1267 927 1337 ibidem
946 1268 1107 1357 judicium
1128 1268 1245 1359 [sitin
1263 1269 1406 1359 a]uxilio
1424 1272 1560 1343 abbatia
1603 1274 1653 1341 Et
1671 1275 1750 1362 quia
1766 1298 1827 1345 nos

352 1406 461 1495 sigilla
481 1428 547 1475 non
576 1405 731 1475 habemus
761 1458 768 1474 .
799 1406 908 1497 sigillo
929 1406 1104 1475 Nrcraoam
1126 1406 1370 1477 Laeuinum
1391 1410 1531 1498 episcopi
1557 1458 1567 1481 .
1592 1416 1627 1479 ot
1654 1411 1825 1482 Waavam

352 1543 477 1613 abbatia
499 1544 541 1611 de
563 1542 694 1613 Narra.
710 1549 743 1613 et
760 1544 935 1613 Jonavme
961 1543 1104 1633 [abbatis
1121 1546 1163 1612 de
1176 1542 1352 1634 Memfim
1372 1547 1551 1633 predictam
1577 1547 1662 1615 bano
1682 1554 1825 1619 nostram

352 1683 585 1753 oonoeeaionem
599 1682 833 1771 oonsignemua.
874 1681 940 1749 Pro
953 1682 1013 1749 bae
1027 1704 1103 1751 vero
1116 1682 1315 1751 eonesssione
1327 1682 1472 1770 prediets
1484 1683 1615 1753 abbatia
1628 1685 1719 1753 dedit
1731 1671 1828 1755 nobis

352 1840 385 1887 v.
402 1841 525 1889 merem
546 1867 720 1887 ......
769 1817 885 1908 [Hii]s
898 1818 1045 1888 testibus.

397 1967 619 2037 Endorsed-‘
631 1968 729 2038 Caria
742 1968 883 2037 filiorum
898 1966 1072 2038 Hereberti
1085 1970 1127 2038 de
1139 1974 1226 2037 terra
1238 1970 1280 2037 de
1293 1968 1515 2039 Killsoalum.'

1020 2256 1156 2327 Dch.

353 2419 639 2495 QUIT-OLAJM
664 2418 731 2489 BY
756 2418 1102 2501 THATHEREOH,
1127 2417 1398 2488 DAUGHTER
1424 2418 1485 2487 OF
1510 2418 1822 2502 KATHEREGH,

489 2556 549 2625 ΤΟ
579 2556 790 2626 MARGAM
818 2556 983 2626 ABBEY
1012 2556 1074 2624 OF
1102 2554 1203 2625 THE
1233 2556 1496 2626 ‘PEYTEVIN
1525 2556 1682 2625 LAND!

938 2682 1109 2810 [Parisios
1123 2718 1240 2808 MSS]

394 2882 565 2951 Universis
580 2881 700 2949 Christi
714 2880 863 2949 fidelibus
877 2902 1006 2968 presens
1021 2881 1175 2966 seriptum
1189 2881 1305 2949 viauia
1319 2882 1372 2948 vel
1385 2881 1546 2948 audituris
1561 2932 1569 2947 .
1582 2878 1824 2949 Tasmenon

351 3020 419 3089 filie
433 2992 653 3087 Iiavnarsmrr
670 3070 677 3086 .
695 3019 840 3087 salutem.

394 3170 532 3239 Noverit
560 3169 751 3239 universitas
786 3172 892 3235 vestra
911 3168 1014 3254 ·qu0d
1049 3188 1112 3253 ego
1148 3166 1279 3233 oonsilio
1315 3170 1348 3233 et
1384 3186 1540 3234 consensu
1575 3164 1748 3233 Yoauaao
1783 3164 1825 3234 ab

352 3308 548 3377 Grsvaaaan
562 3298 671 3375 mariti
685 3306 750 3373 mei
764 3310 797 3374 et
811 3305 958 3375 omnium
972 3306 1113 3373 filiorum
1125 3326 1271 3373 meorum
1285 3310 1319 3373 et
1332 3305 1470 3373 aliorum
1484 3305 1661 3373 amisorum
1678 3326 1824 3373 meorum

351 3446 480 3535 quitum
505 3444 642 3513 olemevi
667 3444 738 3511 Deo
761 3447 794 3511 et
815 3442 943 3510 seolseie
967 3441 1069 3509 Beate
1091 3442 1212 3509 Maera
1234 3444 1276 3510 de
1296 3442 1453 3511 Msaoarv
1473 3448 1507 3512 et
1525 3442 1691 3511 monaehie
1704 3442 1825 3511 ibidem

351 3583 423 3652 Deo
451 3581 662 3651 servientibus
691 3584 797 3648 totum
826 3578 977 3647 elemium
1006 3601 1116 3646 meum
1145 3580 1186 3647 de
1214 3578 1315 3647 Tema
1339 3580 1521 3647 Psvrrsunv
1549 3632 1558 3647 .
1584 3586 1618 3647 et
1640 3585 1747 3647 totum
1771 3580 1825 3668 jus

345 3722 432 3810 qaod
453 3718 599 3805 dibebam
616 3742 673 3787 me
692 3716 809 3786 habere
829 3718 864 3784 in
886 3718 997 3785 eodem
1018 3722 1112 3783 berra.
1157 3716 1213 3784 Ita
1237 3718 1324 3805 quod
1348 3718 1428 3785 dieti
1452 3717 1603 3786 monaehi
1626 3717 1768 3785 hebeant
1791 3721 1825 3785 et

351 3861 484 3925 tenemb
505 3856 641 3923 eendem
663 3860 781 3922 terram
801 3854 940 3921 solutam
962 3858 995 3920 et
1018 3854 1144 3941 quibam
1165 3876 1185 3921 a
1203 3877 1257 3922 me
1278 3860 1312 3922 eb
1333 3855 1483 3923 omnibus
1501 3852 1674 3923 heredibus
1692 3854 1774 3920 meis
1788 3853 1825 3920 in

351 3998 552 4083 perpetuum.
597 3990 644 4058 Et
659 3991 824 4058 sciendum
839 3990 926 4077 quod
940 3990 1070 4057 affidari
1084 3996 1118 4057 et
1132 4013 1227 4077 super
1244 3996 1442 4059 sserosaneta
1459 3991 1589 4059 eoelesie
1607 3991 1650 4058 de
1668 3990 1825 4057 Mareia

351 4132 460 4221 juravi
488 4132 576 4218 quod
604 4151 773 4216 nimquam
800 4126 936 4196 movebo
965 4128 1117 4195 elamium
1152 4128 1204 4195 vel
1241 4128 1405 4215 querelam
1442 4144 1552 4197 versae
1583 4128 1757 4199 moneobos
1782 4128 1825 4195 de

351 4270 508 4337 Maeoarv
523 4292 581 4356 pro
595 4268 738 4355 predicto
752 4272 837 4334 berra
852 4316 860 4333 .
877 4266 928 4333 vel
943 4266 1061 4353 aliquis
1075 4266 1158 4333 alius
1171 4288 1230 4353 pro
1243 4288 1296 4333 me
1313 4266 1366 4335 vel
1384 4289 1442 4354 per
1460 4289 1513 4333 me
1534 4266 1601 4334 aive
1619 4265 1824 4353 supervixero

350 4406 506 4474 maritum
526 4426 636 4473 meum
658 4404 724 4471 eive
743 4426 819 4471 non.
865 4402 944 4469 Hiis
963 4402 1107 4471 testibus
1152 4402 1330 4470 Mamucio
1352 4426 1488 4491 persone
1512 4405 1554 4471 de
1576 4402 1822 4471 monam.

352 4542 524 4612 Yoaoaan
538 4540 580 4611 sb
594 4541 704 4607 Esses
720 4591 727 4607 .
744 4538 846 4606 Evae
862 4539 902 4608 ab
917 4538 1067 4607 Kvavvo
1084 4538 1263 4609 maome
1279 4538 1337 4607 Du
1354 4591 1361 4605 .
1378 4538 1551 4607 Prsmrro
1564 4539 1607 4609 eb
1620 4538 1796 4607 Maean
1813 4586 1822 4606 .

353 4680 488 4749 Oaanoc
511 4680 552 4749 eb
576 4676 710 4745 Remo
735 4728 742 4743 .
769 4674 944 4749 Marianon
966 4676 1009 4744 sb
1032 4676 1162 4745 Kanate
1186 4682 1220 4745 et
1242 4676 1406 4745 Roealvm
1427 4674 1544 4744 Pomm
1567 4727 1576 4745 .
1601 4676 1824 4747 Wraaanso.
