4125 5359
1598 563 1664 632 285

278 872 407 943 Scilicet
423 875 511 961 quod
524 874 639 942 domne
652 875 694 943 de
707 873 864 942 Msnenn
877 873 952 962 jure
965 879 1121 962 perpetuo
1140 875 1261 944 steine
1282 872 1508 942 reolsmetione
1529 873 1644 942 domin
1664 875 1707 942 de

233 1011 340 1079 Nm
354 1009 454 1078 libere
467 1010 643 1099 possidebit
656 1013 740 1080 duee
760 1014 869 1099 portes
887 1014 1018 1098 pesture
1039 1010 1100 1080 sibi
1120 1009 1287 1080 viciniores
1306 1011 1342 1077 in
1361 1009 1524 1077 montenis
1545 1009 1586 1078 de
1606 1007 1706 1078 fendo

233 1147 401 1216 Momm
419 1147 506 1216 inter
526 1148 653 1216 Avens
673 1152 708 1216 et
727 1146 844 1215 Nemi.
888 1146 937 1215 Et
957 1149 1073 1216 domus
1094 1150 1135 1216 de
1156 1148 1263 1217 Nnrs
1283 1149 1397 1216 eadem
1415 1147 1565 1215 libertate
1583 1151 1617 1216 et
1636 1147 1705 1215 sine

232 1288 459 1357 reolmnetione
475 1288 591 1356 domus
607 1288 649 1356 de
665 1287 823 1356 Meroen
840 1285 1016 1375 possidebit
1032 1285 1166 1354 toroinm
1185 1291 1310 1373 portem
1329 1283 1476 1374 ejusdem
1494 1288 1624 1373 pnstnro
1644 1283 1707 1354 sibi

232 1423 428 1492 vieiniorenn
477 1423 525 1492 Et
550 1425 715 1493 soiendum
737 1425 826 1513 quod
847 1423 907 1491 heo
930 1421 1046 1490 divisio
1068 1421 1138 1490 fleri
1161 1420 1257 1490 debet
1279 1421 1398 1509 ubique
1420 1422 1456 1489 in
1479 1421 1641 1490 montenis
1663 1422 1706 1490 de

232 1537 332 1630 fendo
353 1561 522 1629 Mosam
545 1563 582 1629 in
603 1563 741 1651 longum
760 1567 795 1630 et
815 1562 852 1629 in
873 1563 1018 1629 intumi
1038 1561 1194 1649 superiori
1213 1560 1338 1649 origine
1357 1583 1476 1650 magne
1495 1561 1621 1629 Avens
1642 1583 1706 1649 que

232 1703 365 1767 vooetnr
381 1699 613 1768 ansvnns
626 1703 714 1768 reots
727 1700 815 1767 lineo
833 1700 869 1768 in
887 1705 1107 1768 transversum
1125 1721 1226 1786 usqne
1246 1698 1282 1765 in
1302 1721 1420 1786 oquem
1440 1699 1480 1766 de
1498 1699 1614 1766 Nm.
1658 1697 1707 1766 Et

232 1835 274 1904 eb
297 1839 410 1905 eedem
432 1838 557 1926 origine
578 1860 679 1925 usque
695 1837 745 1904 ed
765 1837 878 1904 sillem
902 1837 944 1904 de
968 1834 1095 1903 Avnrsn
1121 1887 1129 1902 .
1155 1835 1251 1902 salvis
1269 1833 1519 1923 proprietatibus
1538 1833 1706 1921 utriusque

231 1976 356 2042 domus.
417 1975 546 2042 Soilioet
563 1974 688 2043 domui
717 1976 758 2043 de
786 1973 943 2040 Menses
1001 1971 1226 2040 Rosnsnnrn'
1247 2022 1254 2038 .
1285 1993 1360 2039 oum
1388 1971 1462 2060 ejus
1489 1970 1705 2058 pertinenoiis.

232 2112 361 2182 Seilioet
375 2112 529 2200 quiequid
543 2113 726 2182 eontinetrr
739 2113 825 2181 inter
839 2133 958 2198 equam
972 2132 1036 2197 que
1049 2109 1168 2177 dieitur
1181 2109 1321 2179 Wsscn
1335 2113 1368 2177 et
1383 2130 1501 2196 equam
1516 2131 1578 2195 que
1589 2107 1708 2175 dieitur

232 2250 554 2318 Onnonocuncnscn
577 2301 585 2316 .
609 2255 644 2319 et
663 2250 749 2319 inter
772 2271 891 2336 equam
914 2248 955 2316 de
977 2247 1084 2314 Nnmr
1108 2251 1142 2314 et
1164 2247 1251 2314 viem
1274 2267 1428 2334 megnem
1453 2267 1515 2332 que
1538 2245 1628 2312 vadit
1650 2267 1709 2331 per

231 2392 387 2454 montane
401 2388 442 2455 de
456 2387 740 2490 Tuonnnsnrmrp
759 2409 859 2474 nsque
873 2386 910 2452 in
924 2385 1175 2453 anrrswnson.
1221 2383 1326 2451 Salvis
1343 2383 1442 2451 etism
1459 2379 1709 2470 proprietatibus

98 2562 102 2568 ·
231 2525 400 2612 utriusque
419 2527 535 2593 domus
554 2549 635 2613 ques
653 2530 797 2612 tempore
816 2523 917 2613 hujus
936 2522 1164 2590 transeooionie
1186 2520 1370 2590 habuerunt
1391 2572 1398 2587 .
1420 2525 1489 2588 tem
1512 2519 1547 2588 in
1566 2519 1710 2586 msrisois

232 2684 332 2751 quam
360 2662 396 2729 in
425 2663 538 2730 Mnus
567 2663 604 2730 in
632 2661 693 2730 hee
722 2661 880 2729 divisione
908 2683 975 2728 non
1004 2659 1239 2747 eomputendis.
1284 2657 1407 2726 Ceteris
1435 2658 1534 2726 etism
1560 2655 1709 2724 omnibns
1819 2743 1824 2752 Ι

232 2798 362 2884 utrique
372 2799 485 2866 domui
498 2799 682 2867 ineonousse
692 2796 975 2887 permanentibus.
989 2797 1071 2864 siout
1085 2797 1121 2863 in
1135 2797 1352 2866 transeeoione
1362 2797 1398 2863 in
1413 2795 1554 2881 oepitnlo
1565 2793 1709 2882 generali

233 2934 323 3020 prins
336 2935 419 3002 inite
435 2986 442 3003 .
458 2936 642 3005 eontinetnr
658 2987 666 3002 .
683 2940 816 3022 exeepto
835 2958 873 3004 eo
893 2935 980 3022 quod
999 2932 1098 3002 abbas
1118 2935 1158 3000 de
1178 2933 1284 3000 Nsrn
1301 2985 1308 2999 .
1325 2955 1357 2999 x.
1379 2955 1501 2998 merses
1520 2912 1648 3018 argenti
1668 2932 1710 2998 de

232 3069 299 3138 illis
312 3093 393 3138 m.
410 3095 489 3159 quns
503 3074 544 3140 de
561 3071 678 3142 ebbete
698 3075 739 3141 de
758 3072 915 3140 Merene
935 3072 1112 3139 seeundum
1131 3070 1270 3157 priorem
1289 3069 1551 3156 compositionem
1569 3067 1709 3153 resipere

234 3204 389 3275 debueret
409 3257 417 3274 .
438 3207 572 3278 remisit.
616 3208 769 3277 Preteroe
790 3209 831 3276 de
850 3213 982 3296 pestors
1002 3205 1261 3274 Osnwsrnnsrn
1282 3207 1367 3272 inter
1389 3229 1442 3272 eos
1464 3205 1512 3271 its
1531 3204 1705 3274 eonvenit.

233 3345 321 3430 qnod
334 3344 393 3410 illo
405 3345 442 3411 in
455 3346 537 3413 dues
550 3346 739 3414 medietetes
754 3346 858 3414 dividi
878 3343 974 3412 debet
990 3395 997 3410 .
1013 3348 1049 3412 et
1062 3345 1176 3410 domus
1190 3344 1230 3409 de
1245 3341 1400 3408 Missis
1420 3342 1627 3410 medietatem
1646 3341 1709 3410 eibi

233 3481 461 3569 proximiorem
483 3484 519 3550 in
542 3485 679 3572 longum
701 3489 735 3552 et
760 3484 865 3551 letum
887 3487 1042 3571 perpetuo
1067 3481 1135 3548 sine
1158 3479 1383 3548 reolsmetione
1406 3480 1521 3546 domus
1540 3479 1580 3546 de
1600 3477 1708 3546 Nemi

233 3617 419 3706 possidebit.
464 3619 511 3686 Et
525 3621 641 3688 domus
654 3623 695 3688 de
709 3621 815 3690 Nn'rn
830 3621 943 3688 eodem
957 3620 1031 3708 jure
1045 3617 1143 3686 elism
1157 3617 1364 3684 medietatem
1382 3616 1518 3704 grangis
1537 3639 1648 3684 eornm
1665 3619 1707 3685 de

232 3753 422 3840 Krnnpnsn
444 3757 631 3825 vieiniorem
656 3757 797 3826 hebebit.
841 3756 898 3825 Ite
922 3761 1032 3824 tamen
1059 3755 1146 3842 quod
1171 3759 1307 3842 ubsque
1331 3755 1447 3821 domus
1468 3754 1509 3820 de
1530 3777 1596 3822 uno
1615 3755 1706 3842 pullo

235 3893 375 3960 duorum
389 3916 549 3962 annorum
561 3894 735 3962 Mononno
749 3899 783 3962 et
795 3891 966 3961 heredibus
979 3891 1046 3960 suis
1059 3891 1229 3959 annuatim
1248 3913 1306 3978 pro
1326 3890 1386 3958 hee
1405 3895 1537 3978 pastore
1553 3889 1705 3960 solvendo

232 4030 449 4098 eommuniter
473 4031 657 4099 setisieoiet
713 4031 853 4120 Insuper
877 4035 987 4098 eutem
1011 4029 1305 4117 utriusquepartis
1330 4050 1460 4096 assensu
1485 4029 1527 4094 ed
1551 4033 1705 4116 perpetue

232 4166 321 4254 peeis
348 4165 587 4235 observsnoinm
611 4167 776 4256 provisnni
800 4171 850 4234 est
875 4215 884 4234 .
910 4166 998 4253 quod
1025 4165 1142 4232 domus
1169 4165 1210 4231 de
1239 4163 1345 4230 Nem
1374 4163 1475 4231 niohil
1503 4163 1545 4231 de
1572 4169 1704 4252 pastura

233 4303 449 4371 Grnnnssnm
462 4307 504 4373 de
517 4304 767 4373 Tenensmns
782 4353 791 4372 .
806 4326 911 4392 neque
925 4304 966 4371 de
980 4306 1066 4371 terre
1080 4301 1232 4368 Messon
1249 4352 1257 4367 .
1272 4323 1377 4388 neque
1392 4303 1432 4369 de
1446 4301 1556 4387 alique
1571 4305 1703 4390 posture

232 4441 287 4510 vel
308 4442 502 4529 possesione
524 4465 624 4530 quern
645 4443 761 4510 domus
783 4441 825 4509 de
845 4439 1002 4508 Monens
1025 4443 1105 4508 tnno
1127 4439 1280 4526 temporis
1304 4437 1419 4506 hebuit
1445 4487 1453 4504 .
1480 4438 1549 4505 sine
1571 4459 1702 4506 assensu

232 4576 361 4646 obbetis
373 4582 408 4646 et
420 4581 597 4646 oonvsntos
615 4579 731 4647 domus
748 4577 790 4644 de
807 4576 914 4646 Nsrn
933 4575 995 4646 eibi
1013 4575 1235 4664 eppropriebit
1253 4577 1305 4644 vel
1323 4573 1499 4663 ooeupebit.
1544 4573 1703 4644 Similiter

232 4717 350 4785 domus
362 4716 405 4785 de
417 4714 574 4783 Mirum
587 4714 690 4785 niohii
702 4717 744 4784 de
757 4720 890 4804 postnrs
902 4716 955 4785 vel
966 4714 1163 4802 possessione
1177 4714 1287 4801 eliqua
1300 4735 1398 4802 quem
1412 4714 1527 4781 domus
1540 4713 1580 4780 de
1594 4711 1701 4780 Nem
