4125 5359
871 837 1092 912 uocum

244 1016 377 1087 BULL
411 1015 473 1086 OF
508 1015 630 1086 POPu
661 1013 908 1086 muoouuu
943 1013 1027 1096 111„
1057 1011 1299 1082 Dffluo'uun
1335 1011 1394 1081 ’[’0
1430 1011 1531 1082 THE
1566 1011 1716 1082 ABOH-

352 1153 528 1225 BISHOP
578 1153 640 1226 OF
690 1151 1018 1222 OANTEBBURY
1068 1150 1172 1221 AND
1223 1149 1323 1220 THE
1370 1149 1569 1220 BISHOPS
1613 1149 1716 1219 AND

352 1290 544 1361 01AEqu
573 1291 635 1360 OF
663 1290 764 1361 THE
801 1287 1053 1372 PRovmou,
1083 1286 1335 1358 ORDERING
1362 1287 1502 1356 ΤΗΕΜ
1536 1287 1597 1357 ΤΟ
1633 1287 1716 1357 EX·

352 1427 705 1499 corfflumcnuu
741 1427 897 1497 uflosu
936 1426 1053 1498 WHO
1096 1425 1221 1496 suuK
1263 1425 1323 1494 ΤΟ
1367 1425 1499 1494 ΤΑΚΕ
1541 1423 1718 1496 mnus

353 1565 487 1636 FROM
523 1564 745 1636 munst

744 1728 916 1819 [Pnunrcn
930 1725 1046 1816 MSS]
1093 1727 1184 1794 som
1199 1725 1287 1794 Nov.
1334 1729 1402 1794 bru
1417 1725 1530 1796 Ynaa.
1576 1728 1671 1794 1203.

288 1891 520 1960 hruooaumus
539 1893 705 1981 episeopus
726 1913 836 1959 servus
860 1909 1024 1957 servornm
1046 1886 1139 1954 Dei.
1161 1887 1398 1956 venerabilibus
1419 1887 1604 1957 iratribus.
1628 1889 1718 1956 Osse·

243 2050 429 2098 rusnrsusr
455 2029 690 2117 arehiepisoopo
713 2079 722 2096 .
745 2033 780 2095 et
804 2027 1018 2116 suffiuguneis
1043 2027 1115 2117 ejus
1142 2077 1149 2094 .
1178 2032 1212 2094 et
1236 2027 1362 2095 dileetio
1387 2027 1463 2096 filiis
1485 2078 1493 2094 .
1516 2026 1687 2096 abbatibus
1708 2077 1718 2095 .

247 2167 407 2258 prioribus
430 2217 438 2234 .
460 2167 590 2235 deoanis
613 2216 621 2231 .
644 2163 876 2234 mhidisoonis
898 2215 906 2232 .
929 2171 964 2232 at
989 2165 1063 2232 aliis
1082 2163 1287 2232 ecelesiarum
1308 2164 1441 2252 prelatis
1460 2187 1519 2253 per
1540 2164 1720 2232 Oannusu·

248 2326 376 2372 rausnu
389 2303 590 2393 prorinoium
604 2301 787 2371 eonstitutis
800 2302 938 2369 salutem
952 2306 985 2370 et
999 2303 1208 2390 apostolieum
1221 2301 1486 2370 benedietionem

289 2466 487 2534 Audivimus
507 2470 541 2532 et
564 2465 732 2532 audientes
759 2463 869 2534 mirati
893 2486 1005 2533 sumus
1027 2516 1036 2532 .
1059 2467 1145 2552 quod
1168 2487 1241 2532 oum
1263 2463 1388 2532 dileetis
1412 2463 1488 2532 flliis
1514 2515 1522 2532 .
1549 2463 1660 2534 abbati
1688 2471 1722 2534 et

244 2603 419 2672 conventui
447 2603 489 2670 de
517 2601 676 2670 unauna
720 2600 972 2670 Ouuuncrnusu
1003 2601 1127 2670 ordinis
1155 2623 1176 2668 a
1203 2600 1349 2691 patribus
1383 2606 1416 2669 et
1449 2602 1722 2690 predeoasaoribus

246 2740 365 2808 nostru
383 2761 567 2808 sumum
580 2738 623 2806 se
636 2745 670 2806 st
684 2704 705 2807 s
718 2737 811 2808 nonu
824 2739 903 2827 ipsis
917 2739 1123 2828 posmodum
1137 2739 1302 2806 insutum
1316 2743 1350 2806 ot
1364 2739 1592 2808 annaeum
1607 2791 1614 2806 .
1627 2745 1666 2808 ut
1680 2742 1722 2810 (ιο

245 2875 409 2945 laboribus
423 2897 503 2964 qnos
516 2877 654 2965 propriis
669 2875 819 2944 munibus
834 2881 891 2944 sut
905 2875 1088 2964 sumptibus
1108 2876 1261 2943 exeolunt
1276 2927 1283 2942 .
1299 2875 1423 2944 nemini
1441 2877 1581 2945 desimus
1600 2879 1722 2949 solvus

243 3017 418 3124 teneuntm
442 3065 450 3081 .
475 3015 609 3102 quidum
637 3013 679 3082 ab
710 3014 757 3081 eis
784 3013 1013 3082 niobilominus
1043 3017 1154 3081 oontru
1183 3013 1355 3101 apostoliea
1385 3015 1470 3084 sedis
1499 3015 1723 3105 indulgentius

245 3149 405 3218 daoimam
423 3150 554 3238 exigere
567 3156 600 3218 et
615 3156 805 3238 extorquere
824 3156 1039 3238 presumunt.
1056 3155 1090 3218 et
1109 3171 1209 3237 prava
1229 3173 1266 3218 ao
1283 3151 1414 3220 sinistra
1431 3152 1719 3242 interpretatione.

244 3287 493 3376 apostoiioorum
524 3287 769 3377 privilegiorum
804 3286 983 3374 capitulum
1019 3291 1238 3374 pervertentes
1268 3339 1276 3356 .
1307 3293 1454 3356 asserunt
1483 3289 1523 3357 de
1552 3289 1722 3359 novalibus

247 3425 363 3494 debaro
381 3425 523 3512 intelligi
542 3425 600 3492 ubi
619 3424 761 3492 noeoitur
779 3425 820 3492 de
837 3423 1002 3491 laboribus
1020 3445 1088 3491 esse
1106 3423 1280 3512 seriptum»
1316 3423 1480 3498 Quonim
1496 3425 1599 3514 igitur
1615 3428 1720 3496 mani·

247 3561 368 3630 festum
381 3567 431 3628 est
445 3559 594 3628 omnibns
608 3561 666 3648 qui
679 3567 764 3628 reete
778 3560 910 3648 sapiunt
926 3560 1227 3648 interpretationem
1245 3561 1434 3650 hujusmodi
1454 3585 1636 3651 perversum
1653 3587 1720 3634 eme

246 3711 281 3766 et
294 3699 474 3767 intelleotui
487 3720 566 3766 suno
579 3699 782 3766 eontrarium.
815 3697 899 3765 Oum
913 3699 1090 3764 seeundum
1104 3698 1282 3787 capitulum
1296 3699 1379 3767 illud
1393 3723 1413 3767 a
1427 3701 1585 3770 solutione
1601 3702 1719 3770 deeim-

245 3859 341 3906 arum
355 3844 425 3904 tam
439 3839 480 3905 de
494 3838 588 3906 terris
601 3837 666 3904 illis
680 3857 761 3924 quas
775 3834 979 3902 deduxerunt
993 3834 1047 3901 vel
1061 3835 1226 3904 deduount
1239 3835 1282 3902 sd
1295 3835 1419 3904 uuum
1435 3886 1443 3905 .
1459 3859 1557 3925 quam
1571 3839 1612 3906 de
1626 3839 1720 3908 terris

242 3975 348 4042 etium
361 3975 457 4042 sultis
470 3997 551 4063 quas
567 3974 705 4062 propriis
724 3973 874 4041 manibus
893 3973 946 4039 vel
965 3971 1148 4060 sumptibus
1166 3973 1318 4042 exeolunt
1336 3973 1431 4042 liberi
1449 3975 1516 4042 sint
1534 3975 1664 4062 penitus
1685 3981 1719 4044 et

247 4109 409 4178 immunes
424 4161 432 4177 .
447 4133 489 4178 no
502 4110 590 4178 ullus
609 4115 721 4178 eontra
741 4133 795 4178 eos
815 4110 985 4177 motorium
1006 4109 1125 4178 babeat
1146 4110 1374 4199 malignandi.
1390 4111 1593 4180 universitati
1614 4119 1718 4182 vestra
1796 4171 1800 4179 .

249 4269 308 4336 per
330 4248 504 4335 apostoliea
528 4248 647 4336 seripta
671 4247 876 4336 preoipiendo
899 4247 1091 4314 mandamus
1118 4297 1125 4314 .
1152 4249 1306 4335 quatinus
1330 4247 1479 4316 omnibus
1501 4249 1719 4336 parroebianis

248 4384 364 4452 reeb-is
387 4384 580 4452 auotoritats
602 4384 773 4472 apostoliea
797 4383 966 4472 prohibere
987 4385 1105 4452 eurotis
1132 4435 1139 4452 .
1166 4407 1208 4453 ne
1237 4407 1258 4453 a
1285 4385 1469 4454 memoratis
1497 4385 1653 4454 iratribus
1677 4386 1718 4455 de

249 4517 422 4588 novalibus
434 4519 488 4587 vel
501 4519 542 4586 de
556 4519 630 4586 uliis
641 4519 737 4587 terris
749 4542 830 4608 quus
842 4520 979 4609 propriis
991 4521 1142 4590 manibus
1156 4523 1207 4590 vel
1221 4522 1402 4612 sumptibus
1415 4523 1567 4590 exoolunt
1581 4573 1589 4590 .
1606 4545 1662 4592 seu
1675 4525 1717 4591 da

245 4654 458 4725 munimentis
478 4655 669 4724 animalium
689 4657 853 4726 ullatenm
873 4658 1013 4727 daeimas
1032 4665 1221 4748 presumant
1246 4661 1375 4748 exigere
1400 4661 1452 4728 vel
1477 4661 1717 4748 quomodolibet
