4125 5359
381 570 425 637 96

338 908 436 974 supro
455 883 758 952 Bnmsssuoun
779 885 811 951 et
831 904 949 969 pesoue
967 906 1070 971 usque
1089 882 1364 951 Hsounnnwnsn
1386 886 1421 949 et
1436 903 1538 968 usque
1559 880 1636 949 Lw
1658 886 1694 949 et
1713 902 1816 970 usque

342 1024 384 1090 ed
401 1022 520 1089 iossem
541 1019 643 1088 eenoti
664 1018 784 1087 stm
807 1070 815 1085 .
838 1024 872 1087 et
892 1019 937 1087 sio
956 1022 1043 1109 quod
1066 1021 1177 1088 nuilus
1196 1041 1327 1107 eesyem
1346 1018 1423 1086 inde
1444 1018 1562 1085 bebeet
1581 1024 1688 1106 preter
1705 1041 1760 1087 me
1781 1023 1816 1087 et

339 1160 479 1249 prefatos
498 1156 677 1246 burgenses
695 1161 729 1225 et
746 1179 878 1226 nemore
897 1160 1042 1246 undique
1061 1158 1144 1227 oiroe
1159 1156 1302 1246 burgum
1321 1180 1432 1225 meum
1449 1158 1492 1225 ed
1513 1158 1671 1245 pesoendo
1685 1179 1817 1245 peooore

249 1304 252 1309 ’
340 1318 399 1365 sue
420 1318 519 1385 quem
538 1296 669 1384 longius
690 1295 726 1362 in
748 1295 801 1363 die
820 1296 867 1363 ire
887 1296 1029 1385 poterint
1051 1302 1085 1363 et
1103 1296 1216 1363 eedem
1235 1297 1329 1363 noete
1350 1295 1393 1362 ed
1411 1295 1524 1362 domos
1545 1318 1619 1362 sues
1640 1318 1783 1364 remeare
1805 1348 1814 1364 .

341 1440 374 1501 et
396 1428 507 1521 poreos
527 1456 601 1502 suos
621 1433 657 1503 in
679 1455 809 1503 nemore
830 1456 903 1501 meo
935 1432 1035 1501 libere
1057 1437 1091 1501 et
1112 1432 1220 1519 quiete
1252 1430 1376 1518 ebsque
1404 1434 1635 1501 eonsuetudine
1663 1432 1813 1501 bebeent.

344 1569 507 1644 Queroum
522 1571 564 1638 ed
579 1570 690 1637 domos
704 1592 777 1637 sues
791 1574 825 1637 et
839 1591 928 1657 sepes
943 1574 976 1637 et
989 1592 1088 1636 neves
1102 1591 1176 1635 sues
1189 1568 1352 1636 seoiendee
1368 1618 1376 1634 .
1391 1569 1555 1637 reddendo
1574 1570 1616 1636 de
1629 1593 1712 1637 neve
1727 1622 1735 1637 .
1751 1592 1814 1637 xn.

341 1708 489 1775 denarios
506 1713 540 1775 et
558 1730 654 1777 omne
676 1708 766 1775 uliud
786 1729 900 1775 nemus
913 1708 957 1775 ed
972 1708 1083 1795 ignem
1097 1728 1210 1775 eorum
1223 1710 1259 1773 et
1272 1706 1314 1773 ed
1328 1706 1438 1773 omnie
1451 1708 1654 1793 eysiemente
1667 1730 1728 1776 sue
1750 1759 1758 1775 .
1782 1714 1816 1776 et

341 1845 512 1912 terendum
534 1851 568 1913 et
589 1846 631 1911 ed
653 1846 860 1913 vendendum
886 1844 1080 1933 ubioumque
1103 1843 1266 1912 voluerint
1284 1847 1319 1911 et
1342 1843 1493 1931 poterint.
1550 1842 1672 1911 Omnes
1696 1844 1815 1913 bestius

343 1984 501 2072 eeivegies
522 1984 662 2051 nemoris
680 1982 745 2050 mei
765 1983 835 2050 sine
856 1956 1087 2049 reolemeoione
1111 1980 1255 2049 hebeent
1278 2003 1359 2068 ques
1383 2003 1495 2068 eupere
1518 1982 1660 2068 poterint
1683 1988 1815 2071 exeepto

342 2144 434 2188 eervo
448 2126 482 2187 et
496 2142 589 2187 oerve
603 2124 637 2187 et
651 2119 812 2207 senglerio
827 2124 860 2187 et
874 2119 1041 2187 mertrine
1086 2118 1134 2185 nt
1147 2118 1280 2205 insuper
1300 2117 1386 2184 infre
1407 2117 1603 2185 Ponueusu
1621 2122 1655 2186 et
1673 2116 1814 2187 Burne-

341 2278 452 2325 runss
481 2279 610 2323 omnem
639 2278 770 2323 emnem
799 2258 842 2323 ed
870 2256 1020 2342 pisueries
1042 2278 1116 2323 sues
1141 2256 1304 2322 feoiendes
1326 2254 1392 2322 illis
1414 2256 1562 2324 eonoeee'u
1608 2256 1705 2324 Etsi
1729 2256 1814 2326 forte
1926 2284 1932 2295 ¹

340 2416 478 2482 porpeys
497 2398 555 2460 eut
573 2398 728 2481 storgoun
743 2394 779 2460 in
794 2394 904 2480 ulique
916 2393 1053 2482 pisoerie
1073 2397 1205 2480 septum
1226 2392 1269 2459 sit
1291 2443 1299 2458 .
1321 2413 1432 2459 meum
1453 2398 1502 2459 eet
1522 2396 1557 2459 et
1578 2415 1640 2482 ego
1659 2392 1744 2463 debe
1764 2394 1815 2461 iiii

340 2532 434 2618 eujus
450 2531 585 2619 piseerie
606 2536 655 2598 eet
676 2580 686 2599 .
709 2552 772 2607 rur.
791 2493 941 2597 denarios
957 2530 1008 2596 vel
1025 2553 1126 2598 unum
1140 2551 1300 2597 summum
1314 2529 1481 2597 frumenti.
1537 2530 1626 2598 Etsi
1639 2530 1815 2620 burgenses

340 2680 432 2737 extre
456 2672 565 2756 polam
590 2670 709 2757 pisoem
734 2670 843 2756 eliquo
872 2670 968 2735 modo
997 2692 1110 2757 oepere
1138 2668 1309 2756 poterint.
1333 2668 1464 2735 illorum
1489 2670 1541 2736 sit.
1600 2668 1648 2737 nt
1676 2670 1704 2737 si
1731 2670 1815 2738 meri

339 2809 506 2875 resedente
530 2808 617 2875 wrek
640 2812 733 2874 extre
757 2808 866 2895 polum
890 2808 1075 2873 invenerint
1105 2858 1112 2872 .
1145 2806 1318 2873 dimidium
1343 2827 1452 2873 meum
1477 2807 1519 2873 sit
1549 2858 1556 2874 .
1584 2812 1618 2873 et
1642 2808 1815 2875 dimidium

340 2946 470 3013 illorum
496 2946 547 3012 sit.
593 2945 640 3011 Et
666 2946 692 3012 ei
716 2946 804 3012 wrek
827 2945 1011 3011 invenerint
1036 2944 1072 3010 in
1096 2944 1211 3011 siooem
1234 2952 1354 3011 terrem
1377 2994 1385 3009 .
1408 2966 1518 3011 meum
1542 2945 1585 3012 eit
1607 2950 1723 3012 totum.
1768 2944 1815 3013 Et

340 3084 534 3169 ubicumque
557 3082 709 3171 armigeri
729 3083 793 3149 mei
811 3081 945 3150 horbem
966 3083 1008 3148 ed
1032 3094 1137 3170 equos‘
1155 3104 1244 3149 meos
1268 3044 1419 3169 oeperint.
1465 3080 1649 3169 Burgenses
1668 3083 1816 3150 similiter

340 3221 405 3287 mei
431 3221 560 3307 sapient
586 3242 660 3287 oum
685 3220 751 3286 illis
775 3270 782 3285 .
806 3220 946 3307 exeeptis
967 3220 1069 3307 protis
1088 3220 1177 3285 meis.
1223 3217 1270 3285 Et
1289 3218 1372 3284 siin
1394 3219 1570 3286 exereitum
1589 3241 1816 3289 summonuem

339 3357 514 3446 burgenses
535 3379 623 3425 meos
646 3407 654 3423 .
678 3357 744 3425 sive
766 3358 809 3423 ed
830 3356 920 3423 eliud
942 3357 1094 3423 effoetum
1115 3379 1225 3423 meum
1250 3407 1258 3422 .
1283 3354 1380 3423 ibunt
1400 3377 1474 3421 oum
1495 3356 1644 3441 dispense
1661 3378 1747 3423 sue.
1768 3359 1817 3425 ite

339 3500 377 3563 ut
392 3496 503 3563 eedem
517 3499 611 3562 noete
626 3495 668 3560 ed
682 3495 794 3562 domos
808 3516 881 3561 sues
894 3495 998 3561 redire
1012 3494 1145 3581 possint.
1198 3491 1246 3559 Et
1259 3492 1287 3559 ei
1300 3492 1431 3581 longius
1444 3492 1518 3560 illos
1532 3494 1681 3561 duxerim
1696 3544 1704 3560 .
1719 3515 1816 3583 super

341 3633 522 3720 dispensem
545 3654 651 3699 meem
672 3635 778 3700 erunt.
823 3630 871 3698 Et
891 3632 918 3697 si
935 3630 1052 3698 luoreti
1069 3630 1193 3697 fuerint
1215 3682 1223 3696 .
1246 3631 1453 3698 medietatem
1473 3636 1585 3698 oontre
1597 3654 1651 3698 me
1665 3630 1814 3700 behem

341 3768 385 3835 In
405 3768 553 3837 domibus
573 3770 690 3836 suiset
711 3773 804 3836 extre
823 3770 935 3836 domos
954 3792 1028 3836 sues
1047 3770 1188 3857 spetium
1211 3819 1219 3835 .
1243 3790 1305 3833 vn.
1320 3768 1442 3857 pedum
1458 3769 1495 3834 in
1513 3791 1588 3835 rure
1612 3773 1689 3837 ente
1711 3768 1818 3837 hostie

343 3928 528 3993 suepeoem
548 3906 614 3974 illie
635 3908 774 3975 oonoessi
797 3958 804 3974 .
828 3904 1374 3995 etsuperburgegiesuefurnum
1396 3955 1405 3972 .
1428 3904 1596 3973 breoinum
1618 3957 1626 3973 .
1650 3912 1815 3975 eteetre.

343 4050 375 4111 et
396 4046 504 4111 omniu
524 4044 666 4131 pretioue
683 4066 742 4111 sue
766 4094 773 4109 .
796 4042 896 4112 iibere
914 4049 947 4111 et
966 4044 1084 4131 quiete
1129 4042 1224 4111 Etsi
1245 4041 1415 4130 burgensi
1432 4043 1614 4112 forefeouit
1632 4050 1666 4113 et
1678 4044 1715 4113 in
1728 4046 1819 4113 oui-ie

343 4204 416 4249 mee
430 4183 546 4249 denus
559 4182 681 4249 freerint
704 4232 711 4248 .
735 4182 807 4249 visu
821 4182 1000 4249 vieinorum
1014 4202 1146 4249 suorum
1168 4184 1234 4248 ‚et
1251 4184 1399 4248 noetmm
1419 4181 1464 4248 sit
1483 4186 1617 4269 regebus
1634 4204 1693 4270 per
1712 4184 1819 4271 wngie

345 4324 379 4387 et
391 4319 516 4408 plegios
531 4372 539 4388 .
555 4324 635 4387 tuno
649 4318 970 4407 plenitebitinourie
983 4342 1057 4387 mee
1071 4368 1080 4385 .
1096 4320 1168 4387 etsi
1182 4319 1534 4408 perplegiosetwegie
1549 4370 1556 4386 .
1571 4320 1820 4408 rogetrrefeerit

347 4506 354 4524 .
367 4462 542 4545 antequem
555 4458 591 4525 in
606 4458 729 4525 ouriem
743 4478 850 4526 meum
863 4457 979 4525 duetus
992 4456 1095 4524 fuerit
1105 4508 1113 4523 .
1125 4455 1294 4546 pleoitebit
1306 4456 1344 4524 iu
1358 4454 1527 4523 hundredo
1540 4478 1608 4524 mo
1639 4456 1819 4546 Burgeusis

346 4618 412 4663 nou
426 4594 521 4662 debet
536 4594 615 4663 olibi
627 4595 781 4683 pluoitere
792 4594 856 4662 nisi
870 4594 906 4661 in
920 4592 1088 4661 hundredo
1100 4591 1157 4660 ubi
1171 4592 1408 4681 oelumpnietur
1420 4593 1462 4660 de
1477 4592 1669 4661 badieoione
1678 4596 1820 4683 eorporis

347 4733 412 4799 mei
426 4738 485 4801 eut
498 4733 587 4822 opidi
600 4732 675 4801 mei.
720 4732 767 4801 Et
777 4732 805 4799 ei
814 4730 983 4819 burgensis
996 4730 1058 4799 beo
1069 4730 1263 4799 tredieeione
1276 4729 1512 4819 eelumpnietus
1525 4730 1625 4799 fuerit
1639 4780 1648 4797 .
1663 4730 1819 4821 purgabit
