4125 5359
390 528 434 596 54

348 842 475 910 minum
500 843 546 909 eis
571 844 771 929 preteritum,
797 846 995 911 mediantem
1018 845 1308 934 quadragesimam,
1333 844 1432 911 utin
1456 848 1567 912 nostm
1590 844 1750 932 presentia
1777 845 1818 911 de
1945 886 1958 899 ·

348 980 492 1067 predicte
518 980 668 1068 paroeliia
693 984 780 1068 quod
804 983 888 1049 ratio
913 982 1058 1064 distaret,
1089 981 1151 1050 sibi
1175 982 1318 1049 fenerent
1341 982 1473 1049 indixit.
1518 981 1589 1069 Ipsi
1610 1004 1686 1048 vero
1706 966 1819 1049 vedire

349 1122 588 1185 rontemnentes
602 1119 770 1185 neeetiam
780 1121 977 1206 responsales
987 1120 1154 1187 miserunt.
1199 1118 1479 1208 Nesergohabite
1489 1120 1628 1187 fratrum
1638 1124 1819 1185 nostrorum

348 1256 489 1337 oonsilio,
511 1256 756 1323 denominatum
778 1256 821 1324 U.
847 1260 1040 1346 episeopum,
1063 1260 1104 1326 de
1124 1260 1285 1346 paroehia,
1307 1260 1396 1325 unde
1421 1258 1562 1325 eaueatio
1585 1257 1703 1337 fueret,
1731 1257 1819 1322 salva

347 1396 475 1483 justitie
504 1398 707 1465 eoelesiarum
743 1398 862 1467 Sancti·
890 1400 1010 1467 Dauni
1040 1406 1074 1467 et
1103 1399 1367 1467 Hnnroarnasrs
1402 1398 1634 1479 investivimus,
1671 1397 1817 1463 futirmm

348 1534 545 1602 mediantem
575 1538 853 1625 quadragesimam
882 1539 1027 1625 utrisque
1056 1543 1242 1621 stamentea,
1271 1542 1311 1606 ut
1338 1542 1418 1604 tune
1445 1541 1583 1623 utraque
1610 1558 1686 1622 pars
1710 1540 1819 1601 nostro

349 1672 531 1757 eonspeetui
551 1678 733 1758 presentata
753 1677 840 1761 quod
860 1676 985 1763 justum
1002 1676 1104 1743 inerit
1122 1677 1230 1743 valeat
1254 1675 1407 1743 obtinere.
1452 1672 1525 1741 Tim
1547 1674 1651 1761 igitur
1668 1671 1821 1739 nobilitas

348 1806 455 1894 ipsum
469 1810 603 1877 fiatrem
617 1810 663 1877 U.
680 1811 864 1899 episeopum
877 1814 1023 1881 habeatis
1037 1816 1307 1895 eommendam
1317 1836 1377 1881 neo
1390 1813 1432 1878 de
1445 1812 1597 1900 parochia
1609 1813 1651 1879 de
1665 1833 1730 1897 qua
1744 1832 1819 1876 eum

348 1945 570 2016 investivimus
588 1918 648 2016 nei
667 1950 707 2017 ii
725 1950 797 2019 iiiii
812 1949 873 2017 iii
892 1950 1049 2038 injurtam
1068 1950 1263 2037 permittam
1282 1951 1338 2018 aa
1359 1973 1444 2031 ium,
1459 1973 1518 2037 pio
1537 1948 1716 2017 avianus
1733 1948 1820 2015 aaa

347 2083 438 2153 Petri
453 2089 487 2153 et
499 2091 609 2153 nostra
623 2090 841 2154 manuteneas.

390 2222 516 2289 Datum
532 2222 723 2291 Laraaaur.
771 2228 811 2290 13
830 2224 999 2292 Kalendis.
1015 2226 1111 2312 Maij.

866 2362 964 2448 (Reae
979 2362 1063 2430 LJr.
1079 2386 1133 2450 pp.
1149 2364 1202 2444 35,
1219 2364 1308 2447 574.)

1019 2608 1151 2675 DLXI.

349 2742 481 2810 BULL
502 2742 562 2809 OF
584 2742 834 2812 HONORIUS
856 2744 904 2813 H.
930 2744 989 2811 ΤΟ
1012 2743 1112 2811 THE
1137 2744 1336 2828 OLERGY,
1359 2768 1441 2827 aru„
1464 2745 1525 2815 01⁴¹
1551 2743 1822 2826 LLANDAFF,

458 2866 551 2934 FOR
575 2867 729 2935 THEIR
751 2868 1020 2936 RECEPTION
1043 2868 1103 2936 OF
1125 2869 1301 2937 BISHOP
1322 2870 1504 2953 URBAN,
1525 2867 1629 2937 AND
1652 2868 1821 2953 assisi-

456 2990 585 3059 ANOE
621 2992 677 3059 IN
706 2992 1015 3062 REGOVERING
1045 2993 1341 3062 POSSESSIONS
1370 2995 1431 3062 OF
1460 2996 1560 3064 THE
1590 2996 1688 3065 emi.

706 3140 857 3230 [eonion
872 3142 968 3209 lise.
1014 3144 1204 3212 Viriasius
1218 3143 1301 3211 QX.
1318 3144 1343 3211 f.
1360 3144 1431 3233 30.]
1479 3148 1521 3212 18
1544 3144 1660 3213 Aram
1683 3145 1778 3212 1128.

394 3280 577 3346 Honorius
600 3284 658 3347 ete.
675 3286 734 3347 ete.
757 3280 822 3347 Dei
836 3280 961 3347 dileetis
975 3280 1051 3345 filiis
1065 3281 1149 3348 elero
1163 3285 1196 3348 et
1210 3280 1330 3369 populo
1347 3280 1584 3350 Larinavnasr.
1631 3280 1777 3349 Salutem
1791 3287 1827 3348 et

351 3416 558 3505 apostolicam
579 3416 843 3485 benedietionam.

396 3553 592 3622 Venientem
621 3554 664 3620 ed
699 3555 870 3641 apostoliea
907 3556 990 3621 sedis
1024 3555 1229 3622 elementiam
1257 3554 1473 3623 venerabilem
1508 3556 1643 3623 finirem
1678 3560 1825 3623 nostrum

355 3690 537 3758 Uerianum
569 3692 752 3779 episeopum
778 3696 919 3758 vestrum
944 3691 1054 3759 debite
1079 3694 1211 3759 earimte
1236 3692 1421 3779 reeepimus.
1475 3692 1591 3780 Ipsum
1618 3693 1729 3780 itaque
1754 3716 1828 3761 eum

355 3830 462 3916 gratia
475 3834 585 3896 nostia
599 3832 633 3895 et
646 3828 813 3902 literarum
827 3834 1009 3896 nostrarum
1023 3829 1270 3917 prosequutione
1280 3830 1324 3896 ad
1333 3851 1391 3896 vos
1403 3830 1613 3911 remittentes,
1626 3830 1830 3898 universitati

356 3970 471 4032 vestris
500 3966 692 4031 mandemus
726 3971 884 4051 quatenus
913 3970 1052 4034 eundem
1079 3968 1215 4035 hah-em
1252 3972 1399 4035 nostrum
1432 3966 1614 4033 Uariana
1646 3966 1830 4055 episeopum

356 4101 497 4189 benigne
519 4102 690 4189 reeipietis,
707 4108 740 4169 et
758 4104 788 4169 ei
810 4108 966 4191 tanquam
987 4106 1115 4192 proprio
1132 4105 1254 4193 pasteri
1267 4109 1301 4170 et
1314 4104 1498 4171 animarum
1511 4108 1690 4171 vestrarum
1704 4104 1829 4172 custodi

322 4319 326 4326 ¹
358 4239 575 4309 obedientiam
589 4246 623 4307 et
636 4242 850 4308 reverentiam
871 4241 1038 4309 humiliter
1059 4242 1212 4310 deieratis
1227 4246 1261 4309 et
1281 4242 1371 4309 velut
1385 4241 1529 4308 (inarari
1548 4241 1666 4308 vicario
1680 4242 1829 4328 pereatis.

358 4375 416 4444 Ad
434 4378 667 4463 recuperandas
691 4377 793 4465 igitur
817 4378 1026 4465 possessiones
1040 4383 1074 4446 et
1086 4378 1172 4446 bona
1189 4376 1433 4446 Lmnivaasa
1449 4378 1578 4445 eealesie
1592 4400 1666 4466 quie
1680 4378 1832 4445 distraete

252 4508 257 4515 ’
358 4520 444 4598 suut,
459 4516 666 4598 unanimiter,
682 4517 732 4584 uti
747 4516 908 4599 bonifilii,
924 4517 1083 4605 prebeatis
1097 4517 1266 4584 eonsilium
1280 4521 1314 4583 et
1327 4513 1494 4585 auxilium

402 4654 528 4723 Datum
542 4654 735 4722 hasnam.
753 4676 847 4723 xiiii.
863 4654 1023 4723 Kalendis
1037 4654 1133 4742 Maii.

877 4792 975 4879 (Rees
989 4791 1073 4861 Lm.
1089 4814 1143 4881 pp.
1159 4792 1213 4874 37,
1229 4792 1318 4877 577.)
1370 4838 1374 4847 -
1494 4876 1496 4879 ⁴
