4125 5359
259 895 291 962 3.
336 893 369 960 A
383 892 500 960 needed
514 891 715 959 demde-lis

509 1117 513 1122 ι
633 1035 666 1100 4
688 1029 812 1097 aroms'
834 1051 912 1098 usar
935 1051 1006 1098 r1u1
1028 1077 1168 1098 .....
1192 1051 1269 1098 nne.

257 1181 481 1249 Endorsed-‘
491 1179 590 1248 caru
602 1179 744 1248 filiorum
758 1179 905 1248 Blethin'
921 1180 963 1248 de
976 1179 1212 1248 Killeeollum!

358 1335 420 1384 unu
429 1337 452 1383 is
461 1349 477 1383 ι
487 1335 552 1396 good
560 1334 675 1396 mpla
688 1333 716 1384 ot
729 1335 798 1397 early
807 1333 894 1384 vem
903 1335 1058 1384 mauratel
1067 1333 1242 1395 handwrtting.
1274 1333 1336 1391 (Vid
1346 1351 1352 1382 ι
1368 1333 1415 1382 Ite
1425 1333 1534 1396 LVIII.)

848 1594 1048 1665 Dcoxuv.

212 1753 345 1827 BULL
381 1757 442 1826 OF
477 1756 598 1826 POPE
633 1755 879 1826 INNOOENT
915 1753 998 1838 111„
1036 1753 1278 1824 Drusum)
1308 1753 1368 1824 ΤΟ
1401 1755 1501 1825 THE
1532 1755 1681 1825 ARCH-

321 1896 498 1965 BISHOP
528 1895 588 1965 OF
617 1891 946 1964 OAN'I'ERBURY
982 1893 1086 1962 AND
1122 1891 1222 1962 THE
1259 1891 1450 1962 01AEqu
1486 1892 1547 1962 OF
1582 1893 1683 1962 THE

322 2033 574 2118 PROVINCII,
604 2033 659 2102 IN
689 2029 888 2103 FAVOUB
920 2031 981 2100 01⁴¹
1011 2031 1112 2100 THE
1138 2027 1425 2106 ,OISTEROIAN
1454 2029 1626 2099 ouum

711 2195 880 2281 [Pnunrcn
902 2195 1015 2282 MSS]
1078 2197 1168 2262 lOrn
1181 2193 1270 2262 Nov.
1309 2196 1378 2263 t'rrn
1392 2193 1516 2261 Yuau:
1542 2194 1636 2261 1203.

255 2357 488 2426 Isuocnrmus
515 2359 681 2447 episeopus
709 2381 818 2426 servus
846 2381 1010 2427 servorum
1033 2359 1099 2426 Dei
1120 2357 1356 2426 venerabilibus
1377 2355 1529 2424 fratribus
1556 2407 1563 2422 .
1591 2355 1680 2424 Oan-

211 2515 394 2562 rusansrrsr
409 2495 644 2584 archiepiscopo
665 2547 672 2561 .
694 2500 728 2563 et
742 2496 954 2584 suffraganeis
968 2496 1040 2582 ejus
1055 2499 1092 2584 et
1102 2495 1227 2562 dileotis
1246 2494 1323 2561 ffliis
1339 2493 1509 2562 abbatibus
1523 2495 1682 2582 prioribus

214 2633 343 2700 deoanie
364 2631 594 2700 urohidisoonis
617 2683 624 2698 .
648 2639 681 2699 et
703 2633 775 2700 aliis
797 2633 1000 2700 eooleaiarum
1021 2633 1155 2721 prelatis
1179 2632 1215 2698 in
1240 2631 1496 2699 Osurusruunsr
1520 2632 1684 2720 pruvincia

217 2770 400 2838 eonstitutis
423 2821 431 2835 .
454 2771 590 2837 salutem
613 2775 647 2838 et
668 2770 875 2857 apostolieum
896 2769 1161 2836 benedictionem.

190 2973 198 2986 =
258 2933 336 3001 Non
351 2933 471 3020 absque
484 2932 593 3000 dolore
607 2935 711 3000 eordis
725 2939 759 3001 et
772 2934 914 3020 plurima
928 2933 1113 3001 turbatione
1128 2933 1298 3000 didicimus
1312 2933 1399 3020 quod
1413 2933 1460 3000 ita
1474 2933 1509 3000 in
1524 2933 1684 3021 plerisque

212 3069 360 3157 portibus
370 3071 580 3138 eoolesiestioa
590 3093 724 3138 sensura
735 3071 921 3137 dissolvitor
933 3122 941 3135 .
955 3075 988 3136 et
999 3070 1150 3138 oanonioe
1162 3072 1319 3138 sententie
1331 3071 1482 3138 severitas
1492 3077 1663 3138 enervatur
1673 3124 1681 3138 .

212 3213 252 3275 nt
266 3208 327 3276 viri
340 3209 506 3297 religiosi.
522 3215 555 3276 et
568 3208 618 3276 hii
633 3209 774 3276 maxime
789 3209 846 3294 qui
862 3231 921 3295 per
942 3209 1026 3274 sedis
1048 3207 1219 3296 apostoliae
1240 3194 1411 3296 privilegia
1431 3206 1549 3294 majori
1570 3208 1683 3274 donati

212 3348 290 3412 sunt
302 3345 452 3413 libertate
467 3347 586 3433 passim
600 3369 621 3412 a
638 3345 897 3413 malefactoribus
917 3346 984 3412 suis
1005 3344 1143 3432 injurias
1164 3345 1344 3412 sustineant
1365 3350 1398 3412 et
1418 3345 1549 3432 rapinas
1571 3395 1579 3410 .
1603 3345 1683 3412 dum

211 3483 269 3550 vix
282 3482 448 3550 invenitm
462 3483 519 3570 qui
533 3505 676 3572 oongrua
695 3483 761 3550 illis
779 3483 977 3570 protentione
999 3482 1170 3550 subveniat
1186 3533 1193 3548 .
1211 3489 1243 3549 et
1265 3505 1323 3570 pro
1342 3483 1483 3550 fovenda
1504 3505 1682 3578 pauperum

213 3619 399 3688 innoeentia
414 3643 447 3686 se
460 3643 591 3687 murum
606 3620 801 3688 defensionis
815 3627 966 3709 opponat.
1012 3621 1201 3709 Speoinliter
1215 3627 1324 3688 autam
1339 3621 1448 3688 dileeti
1469 3621 1530 3686 filii
1552 3672 1559 3686 .
1584 3619 1682 3688 abbas

212 3761 247 3822 et
257 3755 373 3826 fratres
386 3757 428 3822 de
441 3756 597 3826 Mauoau
612 3757 863 3826 Orsrnncrnusrs
877 3759 998 3826 ordinis
1012 3764 1082 3826 tam
1096 3760 1136 3826 de
1151 3759 1371 3847 frequentibus
1385 3760 1514 3846 injuriis
1529 3782 1627 3846 quam
1641 3761 1682 3827 de

211 3894 283 3982 ipso
291 3894 452 3962 ootidiano
462 3895 591 3962 deieotu
597 3894 724 3982 justitie
734 3900 964 3982 eonquerentes
975 3947 981 3961 .
992 3897 1236 3963 universitatem
1246 3901 1385 3964 restrum
1393 3883 1510 3964 litteris
1520 3898 1683 3986 petierunt

214 4031 396 4118 apostolicis
417 4033 550 4099 exaitari
575 4084 583 4098 .
606 4039 644 4100 ut
667 4034 715 4099 ita
736 4032 884 4100 videlieet
906 4034 936 4099 ei
964 4035 1037 4119 [pro
1056 4034 1116 4120 eis]
1143 4034 1179 4100 in
1201 4033 1462 4102 tribulationibus
1483 4035 1549 4102 suis
1574 4041 1685 4102 oontra

212 4169 433 4237 maleiaotores
461 4167 580 4266 eorum
608 4176 759 4260 prompta
794 4171 938 4239 demam
967 4171 1236 4258 magnanimitate
1265 4193 1456 4260 consurgere
1486 4222 1494 4239 .
1526 4175 1612 4260 quod
1642 4173 1683 4242 eb

212 4307 373 4395 angustiis
387 4329 468 4394 ques
481 4309 641 4375 sustinent
657 4315 690 4375 et
703 4309 859 4398 pressuris
879 4329 892 4374 .“
906 4318 1012 4375 vestro
1035 4307 1158 4396 possint
1179 4309 1317 4396 presidio
1339 4309 1503 4398 respiraro.
1542 4311 1685 4398 Ideoque

213 4441 397 4510 dimetioni
410 4447 514 4511 vestre
529 4469 586 4531 per
599 4445 773 4533 apostoliea
786 4445 905 4532 seripta
918 4445 1113 4512 mandamus
1132 4497 1139 4512 .
1161 4451 1258 4532 atque
1277 4445 1471 4533 preoipimus
1494 4497 1502 4513 .
1525 4451 1685 4534 quatenus

212 4578 366 4667 insequi
392 4582 603 4668 possessiones
628 4583 681 4649 vel
705 4605 756 4650 res
783 4634 790 4650 .
818 4606 875 4650 seu
900 4585 1012 4651 domos
1037 4583 1253 4671 predictorum
1277 4583 1416 4650 nauum
1440 4584 1493 4651 vel
1517 4583 1687 4654 hominum

210 4737 344 4785 «nomm
361 4717 572 4786 irreverenter
591 4719 769 4788 invaserint
782 4724 840 4789 aut
862 4743 900 4789 ea
914 4721 1038 4810 injuste
1053 4715 1252 4789 detinuerint
1272 4741 1335 4808 que
1359 4722 1511 4809 prediotis
1534 4723 1688 4791 fratribus
