4125 5359
1579 539 1622 608 17

187 853 397 921 &naaman
413 854 519 921 fiiium
538 854 736 922 Orasmrou
757 854 793 921 in
813 855 1006 922 monastario
1027 852 1140 921 Saneti
1161 853 1315 921 Oruuuar
1329 854 1365 922 id
1379 858 1429 921 ast
1442 853 1654 922 Lasnnrau·

191 992 328 1057 suana?
385 989 496 1058 Tertio
515 992 684 1059 vendendo
704 996 835 1079 portum
855 990 980 1057 Dunore
1010 991 1175 1058 ecelesiam
1194 992 1306 1059 Saueti
1329 991 1495 1059 Dusarcn
1519 1016 1539 1057 a
1557 992 1664 1080 primo

191 1133 336 1215 tempore
360 1126 429 1195 sine
454 1127 585 1195 liuentia
608 1128 747 1216 episeopi
771 1127 965 1214 quibusdam
984 1127 1179 1196 hominibus.
1224 1128 1272 1195 Et
1293 1129 1472 1196 emendatis
1489 1129 1542 1195 his
1560 1126 1665 1195 tribus

191 1264 499 1352 prevaricationibus
522 1265 759 1332 sommendavit
785 1265 963 1352 predictam
992 1266 1143 1334 tellurem
1167 1290 1226 1355 pro
1251 1248 1355 1334 salute
1384 1266 1502 1334 animae
1530 1288 1598 1334 suae
1627 1270 1666 1333 ut

192 1404 374 1492 predictum
389 1416 447 1471 est.

238 1564 333 1632 Finis
357 1565 445 1631 iliius
471 1569 520 1631 est
544 1566 579 1631 in
605 1565 811 1653 longitudine
836 1588 856 1633 a
882 1568 999 1633 vertioe
1025 1566 1145 1633 montis
1169 1587 1271 1651 usque
1295 1566 1338 1632 ad
1360 1564 1503 1630 rivulum
1528 1564 1667 1632 Mrrmu

192 1702 334 1769 latitudo
345 1706 454 1769 eutem
465 1700 534 1787 ejus
548 1724 568 1768 a
582 1702 716 1769 dimidio
732 1702 821 1789 silpae
836 1725 909 1789 quae
925 1706 973 1769 est
986 1701 1028 1770 ab
1043 1702 1165 1769 oriente
1180 1724 1281 1789 usque
1296 1703 1338 1769 ad
1352 1724 1469 1791 agrum
1484 1701 1667 1781 Omnem,

194 1840 253 1926 qui
276 1842 325 1905 est
344 1839 386 1905 ad
406 1860 552 1905 oceasum
571 1862 644 1906 eum
665 1838 789 1907 duobus
809 1840 897 1927 egris
916 1838 1142 1920 Mammam,
1164 1862 1302 1926 quorum
1325 1838 1399 1905 finis
1420 1844 1469 1905 ast
1490 1862 1511 1905 a
1531 1838 1615 1905 mari
1633 1838 1670 1903 in

196 1978 403 2067 longitudine
420 2000 521 2065 usque
536 1980 578 2045 ad
593 1982 716 2065 petram
734 1979 910 2046 iaeiutham
930 1979 1104 2075 latitudine
1123 1981 1234 2043 autem
1253 2000 1274 2044 a
1292 1977 1378 2043 iosaa
1397 1977 1547 2043 orientali
1566 1998 1669 2065 usque
1695 2019 1698 2024 «

195 2136 314 2203 agrum
335 2113 476 2180 filiorum
498 2112 659 2181 Guucsuc
680 2136 754 2181 aum
773 2113 945 2181 heredibus
966 2114 1032 2181 suis
1054 2113 1172 2180 Bonuc
1191 2120 1289 2200 atque
1313 2112 1432 2179 Effluit
1456 2118 1490 2179 et
1508 2136 1582 2180 eum
1604 2136 1671 2181 uno
1694 2153 1698 2162 «

194 2252 305 2319 modio
320 2251 392 2339 agri
406 2251 463 2338 qui
477 2256 526 2319 est
536 2250 634 2338 juxta
648 2249 792 2318 Tauron.

242 2412 336 2480 Finis
350 2412 438 2479 iliius
449 2436 469 2479 a
480 2413 561 2479 mari
572 2435 673 2499 usqua
684 2418 814 2500 portum
826 2413 953 2481 Garun
963 2416 997 2479 et
1007 2413 1055 2479 ita
1065 2413 1151 2481 inter
1161 2414 1243 2482 duas
1253 2413 1354 2480 fossas
1364 2435 1422 2500 per
1431 2412 1672 2499 longitudinem

199 2572 301 2637 usque
316 2552 359 2617 ad
372 2554 498 2637 petram
512 2549 678 2637 jacintum.
721 2549 773 2616 De
788 2550 909 2617 eleriais
924 2554 1020 2617 testes
1035 2554 1111 2617 sunt
1127 2548 1255 2617 Lrnrau
1271 2550 1445 2637 episeopus,
1462 2548 1673 2617 Onuauunrn

198 2708 379 2767 eaonomus,
416 2685 525 2752 Drsrre
563 2684 729 2773 presbiter,
765 2685 931 2753 Drssarru
967 2687 1110 2773 scriptor,
1144 2685 1261 2768 Eunu,
1296 2686 1451 2768 Manem,
1486 2685 1672 2770 Gurrnnrr,

199 2823 405 2905 Inuuancn,
422 2822 610 2903 (iurisiur,
626 2822 746 2889 Cruor.
780 2822 832 2889 De
847 2823 937 2890 luiois
953 2822 1092 2890 Gnrrun
1104 2824 1193 2929 tilius
1207 2820 1368 2891 Hruusin
1390 2824 1568 2893 Bnaruaur
1583 2823 1673 2891 Bnnr

200 2961 384 3027 (inuolues
407 2960 623 3027 Mariamme
645 2962 789 3028 saaerdos
811 2960 900 3028 Esar
921 2962 1021 3027 lector
1035 2960 1200 3029 Emistin
1215 2962 1365 3029 Barnun
1379 2963 1525 3030 Manem
1541 2963 1671 3031 ceusu.

199 3099 394 3185 Quicunque
416 3099 610 3173 custodierit,
626 3095 785 3165 eustodiat
810 3099 904 3165 illum
932 3098 1033 3166 Deus.
1080 3098 1148 3171 Qui
1169 3099 1231 3168 hoe
1256 3100 1296 3167 ab
1320 3102 1452 3169 eoelesie
1477 3100 1674 3168 Innnavrn

199 3236 396 3324 separaverit
417 3235 592 3303 anathema
614 3236 665 3303 sit.
710 3236 829 3303 Amen.

242 3398 358 3465 Docec.
390 3420 446 3465 xx.
478 3410 533 3464 ns*¹
583 3398 712 3466 Lnuru
743 3400 907 3488 episeopus
936 3400 1092 3489 migravit
1120 3401 1162 3467 ad
1185 3400 1295 3496 Deum
1318 3406 1352 3467 et
1378 3401 1589 3468 ordinationis
1614 3425 1672 3469 sue
1757 3449 1760 3453 ι
1879 3386 1884 3397 “

198 3560 286 3605 anno
309 3538 415 3605 tertio.

414 3698 512 3786 (Rees
526 3697 609 3766 L.L.
625 3722 679 3787 pp.
696 3700 771 3780 229,
788 3701 862 3767 500.
899 3700 1030 3783 Libiau,
1047 3700 1214 3770 Godwin's
1228 3702 1310 3769 23rd
1325 3702 1473 3791 Bishop.)

140 3908 144 3915 ,
253 3864 292 3922 (i)
309 3862 509 3922 Llauaynwalan,
519 3862 545 3909 in
555 3861 653 3910 Gowar.

251 3972 293 4033 (2)
312 3970 483 4020 Ialanterwallt
498 3986 526 4019 er
542 3970 669 4019 Llaudailo
687 3972 812 4033 Ferwalit,
828 3974 958 4021 otherwise
975 3973 1058 4021 Dulon
1073 3987 1102 4021 or
1117 3973 1195 4021 Parth
1208 3973 1299 4034 Tulen,
1313 3988 1370 4023 now
1384 3975 1463 4023 called
1478 3976 1637 4038 Biahopaton‚
1646 3977 1674 4025 iu

199 4058 300 4106 Gower.
