4125 5359
392 534 435 604 32

333 808 481 940 pietatis
516 850 765 919 amoverunt
800 872 904 918 nnnm
940 850 1135 919 familiarem
1171 854 1206 919 et
1239 856 1392 941 nopotem
1430 852 1646 923 Hereum
1681 856 1821 947 epiaeopi

350 988 552 1056 Bnnmnrrs
583 986 716 1055 nomine
747 987 854 1055 virum
884 986 1012 1077 justum
1039 992 1074 1056 et
1102 988 1264 1057 medicem
1290 990 1393 1057 totins
1419 991 1545 1079 petrin,
1574 996 1609 1060 et
1636 992 1725 1063 faeta
1752 998 1822 1064 tam

350 1124 522 1193 exsorabili
543 1124 709 1193 invasione
730 1129 765 1192 et
784 1123 844 1193 snb
866 1124 1124 1195 ala'sanotorunr
1144 1124 1311 1195 Dnnmcn
1333 1126 1484 1196 Tantam
1501 1127 1666 1213 Onnoonr,
1687 1134 1722 1199 et
1741 1131 1822 1201 asilo

349 1264 439 1331 misit
464 1262 629 1351 episeopus
653 1264 779 1350 legatos
807 1283 882 1330 enos
909 1260 968 1351 pe'r
993 1243 1104 1331 omnes
1129 1262 1277 1332 enan
1300 1264 1401 1333 totins
1423 1285 1491 1333 ante
1514 1265 1673 1335 dioeoeeoe
1697 1265 1820 1337 obtem·

349 1400 833 1490 perantessibiintrahostium
852 1397 1010 1468 'l'anam
1028 1422 1124 1489 snper
1142 1401 1249 1490 ripam
1271 1400 1341 1469 (ior
1364 1406 1399 1471 et
1420 1402 1528 1491 ripam
1549 1402 1640 1471 Tm
1660 1407 1701 1473 nt
1724 1404 1822 1473 simut

350 1540 558 1607 eonvenirent
572 1538 678 1607 olerioi
692 1538 824 1625 majoris
837 1538 1008 1629 dignitatis
1022 1538 1116 1606 eleeti
1130 1542 1200 1606 tam
1211 1562 1310 1627 quam
1323 1540 1494 1609 interiores
1506 1542 1596 1629 npnd
1608 1540 1822 1611 Lannavmr

350 1680 384 1745 et
408 1677 444 1744 in
465 1676 564 1764 plena
584 1677 710 1764 synodo
728 1676 882 1764 depon'tis
904 1676 1051 1745 monn
1070 1698 1146 1745 oum
1166 1677 1286 1745 sanetis
1303 1677 1449 1766 reliquiis
1466 1680 1511 1746 ad
1528 1684 1648 1747 terram
1670 1684 1706 1748 st
1723 1680 1823 1749 verns

349 1814 494 1884 cimbalis
514 1814 665 1881 simulet
685 1813 794 1881 oeno
810 1812 916 1882 hostio
930 1814 1070 1881 scolene
1088 1836 1164 1882 enm
1177 1814 1529 1903 stipatisspiniaetita
1541 1817 1679 1885 carentia
1691 1816 1823 1887 servitio

349 1959 384 2023 et
397 1958 524 2043 pastore
537 1952 692 2021 remansit
706 1950 819 2020 diebus
840 1956 874 2019 et
891 1951 1043 2051 pontibus
1055 1952 1143 2021 iaoto
1157 1952 1364 2021 anathemate
1377 1952 1515 2021 {milite
1528 1952 1632 2042 Regin
1644 1957 1680 2021 et
1693 1974 1821 2043 seques-

348 2096 443 2161 trator
454 2094 555 2160 stota
566 2090 743 2160 orthodoxe
753 2090 829 2158 fidei
840 2094 925 2157 sorte
936 2092 970 2157 st
980 2090 1094 2157 andita
1105 2092 1200 2159 tante
1209 2089 1411 2159 mbmotione
1420 2094 1454 2159 ot
1465 2091 1602 2159 dilatata
1612 2114 1670 2179 par
1679 2091 1821 2179 patriam

346 2251 468 2318 magno
482 2228 689 2316 strepitorum
702 2232 736 2295 et
749 2248 914 2294 mnrmms
927 2226 1013 2315 oepit
1025 2226 1081 2294 lex
1095 2226 1151 2313 (eto
1158 2250 1221 2311 pro
1235 2226 1322 2315 Rex)
1339 2227 1501 2297 herimari
1513 2250 1574 2316 pro
1588 2228 1819 2315 dampnatione

347 2366 483 2434 familiae
506 2388 573 2433 enee
596 2366 785 2433 desideratis
807 2366 915 2454 potius
937 2388 1051 2453 paoem
1072 2388 1148 2435 oum
1172 2388 1241 2434 ense
1265 2370 1394 2455 pastore
1416 2389 1516 2456 quam
1540 2368 1820 2457 participationem

347 2508 539 2593 perpstrntae
568 2502 710 2591 injurios,
741 2502 904 2571 advooatis
932 2500 1084 2570 omnibns
1106 2502 1288 2571 comitibus
1311 2504 1379 2572 anie
1397 2504 1565 2592 requisivit
1586 2505 1716 2573 veniam
1733 2504 1823 2593 apud

347 2640 562 2711 Lasnsvnn
590 2640 782 2709 lacrimabili
807 2640 978 2709 devotione
1002 2640 1158 2709 simulet
1182 2640 1311 2709 familia
1333 2647 1505 2731 segregata
1527 2665 1549 2709 a
1573 2642 1823 2711 ohristianornm

347 2778 506 2847 oonsortio
525 2780 559 2845 et
581 2777 695 2845 audita
717 2776 790 2865 ejus
811 2800 904 2865 prese
925 2780 959 2845 et
977 2779 1057 2845 data
1075 2776 1137 2846 sibi
1158 2779 1255 2846 venia
1274 2777 1373 2846 simul
1395 2783 1430 2849 et
1452 2779 1587 2847 familia
1605 2779 1723 2867 janota
1744 2800 1821 2848 oum

346 2916 539 3005 poenitsntia
563 2916 723 2998 oanonioa,
748 2916 832 2984 dixit
854 2938 912 2984 rex
934 2916 1049 3005 positis
1070 2916 1222 2985 manibus
1244 2938 1341 3006 anper
1365 2916 1468 2985 altare
1491 2916 1601 2984 Pmu
1623 2916 1762 3005 apostoli
1783 2920 1820 2985 st

348 3058 531 3123 sanotornm
545 3052 1394 3137 ooniessornmDunn1011,Tnn1ao1,etOonocaret
1416 3076 1524 3121 eoram
1542 3058 1680 3141 utroque
1698 3054 1819 3143 populo

349 3191 487 3261 olerioali
511 3194 545 3259 et
565 3190 672 3257 laiodi
692 3188 875 3258 ‘Oonflrmo
896 3190 980 3258 hano
1000 3190 1207 3259 elemonnam
1229 3190 1375 3260 hibnens
1396 3188 1468 3259 Deo
1490 3188 1576 3258 Han
1600 3189 1671 3257 Bru
1694 3188 1823 3259 Gonni

349 3329 498 3398 videlieet
523 3332 556 3395 st
587 3326 714 3396 Sanotn's
740 3328 893 3415 prodistis
921 3332 955 3396 et
984 3327 1131 3417 episeopo
1155 3328 1362 3396 Hnnwanno
1385 3333 1421 3397 et
1445 3326 1596 3397 omnibns
1617 3326 1824 3416 pontiflottns
1862 3346 1867 3353 ·

350 3466 545 3535 Lannavrnr
558 3467 595 3534 in
609 3466 804 3561 sempiterna
818 3466 1064 3548 oonseorations,
1078 3464 1182 3534 libera
1195 3463 1238 3532 ab
1252 3465 1342 3533 omni
1355 3464 1489 3533 sorvioio
1508 3438 1645 3533 mulsit
1665 3469 1699 3533 et
1720 3464 1824 3554 regali

351 3610 386 3675 et
412 3628 485 3674 oum
506 3606 585 3671 dats
605 3604 830 3671 oommnnione
851 3603 965 3671 ineolis
987 3604 1023 3671 in
1048 3623 1161 3690 eampo
1183 3602 1274 3670 etin
1296 3601 1387 3669 silvis
1405 3601 1442 3669 in
1459 3624 1544 3690 aqua
1564 3606 1599 3669 et
1620 3602 1657 3670 in
1676 3600 1822 3689 pesouia’

352 3744 403 3812 De
417 3742 537 3811 oleriois
551 3746 648 3809 testes
662 3744 739 3808 sunt
753 3739 992 3835 Hnaooannns
1010 3741 1176 3829 episeopus
1197 3738 1397 3808 Montanae
1410 3744 1444 3808 et
1457 3738 1652 3807 Misenum
1667 3738 1822 3807 onnonioi

351 3881 510 3950 nonem
523 3884 557 3948 et
571 3878 763 3947 Tornnnrrr
778 3882 812 3946 et
826 3876 930 3945 sene
944 3878 968 3946 J
969 3900 1078 3946 osnrn
1091 3878 1192 3946 lsotor
1206 3877 1339 3947 Onnocr.
1383 3876 1504 3946 Amare
1518 3876 1675 3965 presbiter
1690 3876 1824 3959 Oarocr,

352 4018 560 4087 Oarooanar
579 4013 735 4104 presbiter
756 4014 868 4082 Sanoti
888 4014 1061 4083 Docusm.
1105 4013 1158 4083 De
1172 4014 1263 4082 lm'oie
1276 4013 1459 4083 Garanum
1481 4012 1557 4083 Rex
1577 4018 1611 4081 et
1632 4013 1735 4081 irater
1756 4011 1826 4101 ejus

354 4156 519 4225 Rrsnorm
539 4152 626 4221 tilius
644 4152 730 4221 Jaoo
751 4150 932 4219 Oanarauo
950 4151 1038 4219 filins
1058 4150 1218 4219 (innam
1237 4150 1401 4219 Ouennon
1418 4152 1506 4220 filins
1525 4151 1677 4219 Rronarr
1691 4150 1825 4219 amm

351 4294 439 4362 fliius
463 4292 588 4374 Enrrn,
613 4290 798 4359 Gnannrrn
821 4290 908 4357 filins
932 4288 1033 4357 Ennn
1063 4288 1213 4358 Tannnn
1230 4289 1318 4358 nnus
1340 4287 1451 4357 Lara
1494 4288 1598 4357 Paeto
1620 4286 1826 4355 mathemm

353 4429 546 4519 separetur-is
559 4428 652 4496 hano
677 4426 890 4495 elemosinam·
903 4426 946 4495 ab
971 4426 1103 4495 eoolesie
1126 4426 1324 4495 Irarnavus
1346 4431 1381 4496 et
1402 4448 1424 4495 a
1447 4424 1629 4515 pastoribus
1654 4424 1728 4515 ejus
1749 4426 1826 4494 (ieta

353 4573 463 4637 natm
476 4566 697 4635 benedietions
712 4564 883 4633 servaturis
896 4568 931 4633 ot
944 4564 1180 4633 oonfirmatnris
1192 4564 1229 4631 in
1243 4564 1356 4653 quieta
1371 4586 1459 4653 paoe.
1504 4562 1622 4631 Amen.

394 4698 1588 4791 ffinisilliussstpenniguounipenniifosininithetitortdioib
1609 4698 1827 4769 ireiltioelti
