4125 5359
1018 906 1129 977 DXL

334 1082 701 1154 CONFIRMATION
730 1082 797 1151 ΒΥ
827 1080 1104 1165 GRUFFYDD,
1134 1082 1259 1153 Knte
1286 1083 1348 1152 OF
1376 1083 1591 1169 BRI'I’AIN,
1618 1084 1680 1153 OF
1707 1084 1804 1154 ALL

443 1220 544 1290 ΤΗΕ
569 1217 888 1289 TERRITORIRS
914 1216 975 1286 OF
1000 1217 1101 1287 THE
1126 1218 1330 1289 OHUROH
1358 1220 1419 1289 OF
1447 1220 1718 1303 LLANDAFF,
1743 1220 1802 1290 ΤΟ

365 1390 368 1395 ·
441 1359 616 1429 BISHOP
645 1354 904 1427 HERWALD.

852 1516 1059 1607 [meums
1072 1517 1157 1588 ΟΧ.
1173 1519 1198 1587 f.
1214 1518 1287 1610 86.]
1411 1516 1500 1587 ΑΙ).
1532 1520 1758 1587 lose-1061.

845 1693 1085 1761 vamnomu
1114 1692 1290 1762 Gustum.

376 1846 476 1914 Peter
495 1844 600 1913 Filius
619 1849 652 1912 et
672 1843 813 1932 Spiritus
826 1842 965 1912 Sanetus
983 1848 1050 1911 tres
1068 1844 1105 1911 in
1125 1844 1279 1933 personis,
1293 1866 1380 1912 unus
1398 1844 1435 1911 in
1454 1842 1586 1912 Deitsto
1603 1848 1637 1913 et
1653 1845 1802 1927 essentis,

332 1984 464 2053 Creator
478 1986 511 2051 et
525 1982 723 2071 gubemutor
732 1981 834 2048 totius
844 1985 998 2049 oresturoe
1009 1980 1145 2049 visibilis
1155 1987 1190 2049 et
1198 1980 1370 2049 invisibilis
1379 1984 1414 2049 et
1423 2004 1519 2069 super
1529 1982 1638 2050 omnis
1647 1981 1802 2050 immovit

329 2118 1802 2207 homiuemodimeginometudsimilitudinemsuumdivideussingulsproutvnltetoui

330 2260 441 2327 omnio
451 2256 1097 2346 serviuntiupresentiumm,quibus‹lum
1105 2236 1801 2345 ffibuemmgusetpotoemmqnibnsdsm

329 2398 471 2467 medieas
498 2400 706 2485 paupertates
738 2418 812 2463 oum
848 2394 1027 2483 septiformi
1064 2394 1149 2462 dono
1186 2393 1353 2482 sapientise
1390 2398 1424 2461 et
1459 2392 1642 2461 intelleotns
1677 2392 1801 2461 oonsilii

329 2540 363 2604 et
384 2534 587 2603 fortitudinis
608 2534 750 2601 soientiae
772 2537 806 2601 et
826 2532 958 2621 pietatis
980 2535 1013 2599 et
1037 2532 1163 2601 timoris
1183 2530 1353 2621 inspiravit
1372 2554 1426 2599 oor
1445 2530 1611 2621 lupideum
1627 2530 1800 2619 ingruente

329 2674 470 2764 quodum
493 2672 682 2740 infirmitate
708 2670 847 2759 eorporis
870 2669 1022 2739 Grumum
1045 2669 1132 2758 regis
1153 2668 1363 2737 Burrenum
1385 2672 1418 2736 et
1442 2674 1481 2736 ut
1505 2669 1551 2736 sio
1571 2668 1676 2736 dioom
1700 2668 1801 2737 totius

330 2811 486 2893 Gonnum,
512 2810 553 2877 de
579 2810 643 2877 ilne
669 2809 711 2875 ud
735 2808 834 2875 finem
856 2812 889 2875 et
910 2806 1102 2875 ouleleotum
1123 2804 1263 2895 spirltus
1283 2807 1396 2902 Sonoti
1417 2806 1544 2875 fervore
1565 2806 1678 2874 videus
1698 2806 1802 2893 igitur

329 2974 387 3020 rex
402 2950 489 3039 quod
502 2953 643 3038 potestus
657 2946 729 3035 ejus
743 2944 825 3013 mont
839 2944 898 3011 llos
912 2944 1000 3013 foeni
1014 2948 1135 3012 otnero
1156 2948 1195 3013 ut
1211 2943 1301 3027 mnis,
1317 2948 1452 3012 oonotns
1471 2950 1521 3012 est
1538 2967 1598 3033 pro
1616 2944 1802 3012 mundtouis

328 3088 509 3157 substentie
534 3084 721 3173 oonquirere
746 3104 884 3171 reguum
908 3081 1059 3149 floridum
1084 3081 1154 3148 sino
1179 3102 1316 3163 mauro,
1341 3085 1375 3149 et
1401 3082 1517 3149 oeleste
1544 3080 1702 3169 goudium
1731 3081 1801 3149 sino

328 3247 451 3294 merore
482 3228 515 3291 et
547 3221 690 3303 tristitie,
721 3223 844 3288 semote
880 3219 969 3287 omui
1004 3218 1150 3307 penurie,
1180 3221 1282 3286 semet
1309 3219 1416 3306 ipoum
1452 3218 1597 3285 tribuens
1629 3216 1690 3285 sub
1719 3218 1801 3307 jugo

328 3362 528 3451 poenitentioe
557 3366 592 3429 et
621 3360 779 3448 penitens
808 3358 916 3425 leoiese
945 3378 1018 3443 quoe
1047 3354 1168 3423 ieoerot
1192 3360 1305 3423 ooutro
1332 3355 1445 3423 divino
1471 3360 1631 3445 preooptu,
1653 3356 1802 3444 promiu't

328 3522 363 3568 se
383 3490 630 3567 emendaturum
642 3493 771 3583 jejunio
792 3497 826 3561 et
849 3493 992 3561 oratioue
1006 3496 1041 3560 et
1054 3491 1229 3559 elemosina
1249 3513 1324 3559 oum
1342 3491 1478 3561 (liversis
1495 3493 1636 3561 metallis
1654 3493 1802 3581 pretiosis

329 3634 457 3725 lurgitis
485 3632 527 3701 ob
552 3632 609 3699 illo
638 3628 710 3698 Deo
740 3628 861 3718 egenis,
887 3628 993 3695 viduis
1019 3633 1054 3696 et
1078 3627 1231 3716 orphanis
1258 3635 1292 3696 et
1319 3651 1387 3697 non
1412 3629 1612 3717 degenerans
1639 3652 1660 3697 o
1687 3631 1799 3720 predo·

270 3868 272 3873 ,
331 3794 489 3840 sessorum
518 3768 687 3837 nobilitate
716 3768 836 3855 pietste
868 3770 901 3834 et
929 3765 1084 3855 largitato
1112 3766 1179 3834 imo
1207 3771 1339 3836 mutuus
1368 3771 1403 3835 et
1428 3768 1604 3856 preoellens
1631 3767 1739 3857 rigore
1767 3772 1801 3837 et

259 3874 262 3883 .
330 3908 523 3978 fortitudine
551 3912 624 3974 tum
653 3909 764 3973 oontre
788 3902 939 3971 borbel-os
964 3904 1106 3970 Anonos
1130 3926 1172 3971 ex
1197 3928 1265 3972 nno
1289 3910 1381 3993 purte
1405 3927 1531 3994 semper
1552 3904 1710 3995 fugitivos
1732 3904 1801 3973 visu

332 4048 415 4147 leoie
451 4068 510 4113 suu
544 4044 581 4112 iu
617 4043 684 4111 soie
718 4040 806 4123 beni,
835 4045 907 4108 tum
944 4046 1057 4108 oonlro
1084 4040 1349 4109 Hmnunmusus
1376 4042 1588 4111 oooidentules
1614 4046 1649 4111 et
1676 4064 1802 4132 semper

331 4186 474 4275 fugeom,
506 4186 576 4250 tom
612 4184 723 4247 oontro
754 4178 926 4267 indigenas
956 4178 1051 4246 solito
1082 4200 1171 4247 more
1205 4176 1381 4261 belliooses,
1409 4182 1483 4246 tum
1514 4183 1626 4247 oonluu
1658 4177 1800 4247 Denuos

331 4323 483 4404 morinos,
503 4324 575 4387 tum
594 4323 706 4387 oontro
724 4318 901 4385 insum
921 4316 1093 4385 Osesnuu
1112 4315 1309 4385 habitotoms
1326 4319 1361 4384 et
1379 4336 1504 4405 sempor
1525 4315 1625 4384 versis
1643 4316 1746 4385 dorsis
1763 4317 1801 4385 in

332 4463 456 4551 lugam,
472 4464 505 4527 et
518 4458 647 4525 llrmeto
665 4455 788 4523 fodere
807 4454 848 4525 ed
869 4455 999 4525 libitum
1018 4476 1114 4521 suum
1132 4452 1324 4542 peoillootos‚
1341 4453 1493 4521 olumorit
1510 4452 1672 4521 territorio
1690 4454 1801 4521 omnis

332 4598 528 4669 mmmm
541 4594 680 4665 eoolonm
694 4592 803 4661 Pnuru
817 4594 955 4681 apostoli
968 4598 1002 4662 et
1016 4592 1208 4662 Sunotorum
1226 4592 1443 4663 ooniessorum
1456 4591 1622 4660 Dusmon
1649 4590 1800 4661 Turum

331 4744 365 4807 et
387 4736 540 4806 Onnocm
563 4736 605 4803 de
628 4732 717 4801 omui
741 4730 892 4821 puroohis
915 4730 1061 4821 ejusdem
1083 4732 1126 4799 sb
1149 4730 1256 4799 hostio
1280 4728 1438 4799 Tuusrm
1461 4752 1557 4819 super
1581 4728 1687 4819 ripum
1715 4728 1798 4814 (lm,
