<?xml version="1.0" encoding="UTF-8"?>
<!DOCTYPE html PUBLIC "-//W3C//DTD XHTML 1.0 Transitional//EN"
    "http://www.w3.org/TR/xhtml1/DTD/xhtml1-transitional.dtd">
<html xmlns="http://www.w3.org/1999/xhtml" xml:lang="en" lang="en">
 <head>
  <title>
</title>
<meta http-equiv="Content-Type" content="text/html;charset=utf-8" />
  <meta name='ocr-system' content='tesseract 3.04.00' />
  <meta name='ocr-capabilities' content='ocr_page ocr_carea ocr_par ocr_line ocrx_word'/>
</head>
<body>
  <div class='ocr_page' id='page_1' title='image "./cartetaliamunim02abbegoog_0120.png"; bbox 0 0 4125 5359; ppageno 0'>
   <div class='ocr_carea' id='block_1_1' title="bbox 405 840 1833 1411">
    <p class='ocr_par' dir='ltr' id='par_1_1' title="bbox 405 840 1833 1411">
     <span class='ocr_line' id='line_1_1' title="bbox 1036 840 1165 911; baseline 0 -2"><span class='ocrx_word' id='word_1_1' title='bbox 1036 840 1165 911; x_wconf 85' lang='lat' dir='ltr'><strong>DXOI.</strong></span> 
     </span>
     <span class='ocr_line' id='line_1_2' title="bbox 486 1000 1709 1074; baseline 0 -1"><span class='ocrx_word' id='word_1_2' title='bbox 486 1002 586 1073; x_wconf 80' lang='lat' dir='ltr'><strong>THE</strong></span> <span class='ocrx_word' id='word_1_3' title='bbox 614 1000 869 1072; x_wconf 74' lang='lat' dir='ltr'><strong>LIBERTIES</strong></span> <span class='ocrx_word' id='word_1_4' title='bbox 898 1002 959 1071; x_wconf 79' lang='lat' dir='ltr'><strong>OF</strong></span> <span class='ocrx_word' id='word_1_5' title='bbox 989 1002 1200 1071; x_wconf 80' lang='lat' dir='ltr'><strong>GARDIFF</strong></span> <span class='ocrx_word' id='word_1_6' title='bbox 1228 1003 1332 1074; x_wconf 82' lang='lat' dir='ltr'><strong>AND</strong></span> <span class='ocrx_word' id='word_1_7' title='bbox 1361 1002 1709 1073; x_wconf 65' lang='lat' dir='ltr'><strong>I&#39;EWKFBBURY.</strong></span> 
     </span>
     <span class='ocr_line' id='line_1_3' title="bbox 615 1157 1480 1257; baseline -0.002 -22"><span class='ocrx_word' id='word_1_8' title='bbox 615 1157 619 1165; x_wconf 71' lang='grc'><strong>’</strong></span> <span class='ocrx_word' id='word_1_9' title='bbox 717 1164 866 1257; x_wconf 77' lang='lat' dir='ltr'><strong>[Gomon</strong></span> <span class='ocrx_word' id='word_1_10' title='bbox 882 1164 977 1233; x_wconf 75' lang='lat' dir='ltr'>MSS.</span> <span class='ocrx_word' id='word_1_11' title='bbox 1024 1164 1158 1233; x_wconf 81' lang='lat' dir='ltr'><strong>Onnor:</strong></span> <span class='ocrx_word' id='word_1_12' title='bbox 1174 1165 1218 1233; x_wconf 79' lang='lat' dir='ltr'><strong>A.</strong></span> <span class='ocrx_word' id='word_1_13' title='bbox 1234 1166 1330 1249; x_wconf 71' lang='lat' dir='ltr'><strong>VH„</strong></span> <span class='ocrx_word' id='word_1_14' title='bbox 1345 1166 1370 1236; x_wconf 80' lang='lat' dir='ltr'><strong>t.</strong></span> <span class='ocrx_word' id='word_1_15' title='bbox 1389 1166 1480 1257; x_wconf 88' lang='lat'>101.]</span> 
     </span>
     <span class='ocr_line' id='line_1_4' title="bbox 405 1328 1833 1411; baseline -0.002 -9"><span class='ocrx_word' id='word_1_16' title='bbox 405 1334 420 1411; x_wconf 69' lang='grc' dir='ltr'><strong>ἓ</strong></span> <span class='ocrx_word' id='word_1_17' title='bbox 442 1332 517 1401; x_wconf 90' lang='lat' dir='ltr'><strong>Hae</strong></span> <span class='ocrx_word' id='word_1_18' title='bbox 531 1335 608 1401; x_wconf 81' lang='lat' dir='ltr'><strong>eunt</strong></span> <span class='ocrx_word' id='word_1_19' title='bbox 620 1330 786 1399; x_wconf 71' lang='lat' dir='ltr'>libertates</span> <span class='ocrx_word' id='word_1_20' title='bbox 801 1334 833 1398; x_wconf 93' lang='lat' dir='ltr'><strong>et</strong></span> <span class='ocrx_word' id='word_1_21' title='bbox 847 1328 947 1397; x_wconf 86' lang='lat' dir='ltr'><strong>libera</strong></span> <span class='ocrx_word' id='word_1_22' title='bbox 961 1330 1207 1398; x_wconf 79' lang='lat' dir='ltr'><strong>eonsuetudinee</strong></span> <span class='ocrx_word' id='word_1_23' title='bbox 1226 1330 1267 1399; x_wconf 92' lang='lat' dir='ltr'><strong>de</strong></span> <span class='ocrx_word' id='word_1_24' title='bbox 1285 1330 1427 1399; x_wconf 77' lang='lat' dir='ltr'><strong>Kanum</strong></span> <span class='ocrx_word' id='word_1_25' title='bbox 1447 1335 1481 1399; x_wconf 90' lang='lat' dir='ltr'><strong>et</strong></span> <span class='ocrx_word' id='word_1_26' title='bbox 1500 1332 1542 1399; x_wconf 92' lang='lat' dir='ltr'><strong>de</strong></span> <span class='ocrx_word' id='word_1_27' title='bbox 1560 1329 1833 1401; x_wconf 76' lang='lat' dir='ltr'><strong>Tnaonnsnuma</strong></span> 
     </span>
    </p>
   </div>
   <div class='ocr_carea' id='block_1_2' title="bbox 359 1465 1808 1559">
    <p class='ocr_par' dir='ltr' id='par_1_2' title="bbox 359 1465 1808 1559">
     <span class='ocr_line' id='line_1_5' title="bbox 359 1465 1808 1559; baseline -0.003 -18"><span class='ocrx_word' id='word_1_28' title='bbox 359 1474 435 1541; x_wconf 88' lang='lat' dir='ltr'><strong>date</strong></span> <span class='ocrx_word' id='word_1_29' title='bbox 451 1478 484 1540; x_wconf 89' lang='lat' dir='ltr'><strong>et</strong></span> <span class='ocrx_word' id='word_1_30' title='bbox 498 1492 641 1540; x_wconf 83' lang='lat' dir='ltr'><strong>oonoeese</strong></span> <span class='ocrx_word' id='word_1_31' title='bbox 655 1492 713 1558; x_wconf 90' lang='lat' dir='ltr'><strong>per</strong></span> <span class='ocrx_word' id='word_1_32' title='bbox 728 1467 924 1535; x_wconf 70' lang='lat' dir='ltr'><strong>Bonnam</strong></span> <span class='ocrx_word' id='word_1_33' title='bbox 939 1470 973 1535; x_wconf 91' lang='lat' dir='ltr'><strong>et</strong></span> <span class='ocrx_word' id='word_1_34' title='bbox 987 1465 1215 1536; x_wconf 78' lang='lat' dir='ltr'><strong>Wmnnnuuu</strong></span> <span class='ocrx_word' id='word_1_35' title='bbox 1230 1470 1362 1538; x_wconf 83' lang='lat' dir='ltr'><strong>eomitee</strong></span> <span class='ocrx_word' id='word_1_36' title='bbox 1375 1469 1550 1559; x_wconf 81' lang='lat' dir='ltr'><strong>aliquando</strong></span> <span class='ocrx_word' id='word_1_37' title='bbox 1565 1468 1808 1537; x_wconf 78' lang='lat' dir='ltr'><strong>Gnoucasrarn.</strong></span> 
     </span>
    </p>
   </div>
   <div class='ocr_carea' id='block_1_3' title="bbox 358 1617 1834 3239">
    <p class='ocr_par' dir='ltr' id='par_1_3' title="bbox 359 1617 1832 1828">
     <span class='ocr_line' id='line_1_6' title="bbox 404 1617 1832 1711; baseline -0.001 -21"><span class='ocrx_word' id='word_1_38' title='bbox 404 1623 419 1700; x_wconf 66' lang='grc' dir='ltr'>ἓ</span> <span class='ocrx_word' id='word_1_39' title='bbox 441 1623 484 1690; x_wconf 91' lang='lat' dir='ltr'><strong>In</strong></span> <span class='ocrx_word' id='word_1_40' title='bbox 499 1620 612 1711; x_wconf 79' lang='lat' dir='ltr'><strong>primis</strong></span> <span class='ocrx_word' id='word_1_41' title='bbox 626 1620 714 1708; x_wconf 92' lang='lat' dir='ltr'><strong>quod</strong></span> <span class='ocrx_word' id='word_1_42' title='bbox 728 1617 894 1707; x_wconf 76' lang='lat' dir='ltr'><strong>quodlibet</strong></span> <span class='ocrx_word' id='word_1_43' title='bbox 908 1617 1106 1707; x_wconf 76' lang='lat' dir='ltr'><strong>burgagium</strong></span> <span class='ocrx_word' id='word_1_44' title='bbox 1124 1618 1215 1687; x_wconf 90' lang='lat' dir='ltr'><strong>dabit</strong></span> <span class='ocrx_word' id='word_1_45' title='bbox 1229 1621 1270 1689; x_wconf 91' lang='lat' dir='ltr'><strong>de</strong></span> <span class='ocrx_word' id='word_1_46' title='bbox 1291 1644 1401 1688; x_wconf 88' lang='lat' dir='ltr'><strong>annuo</strong></span> <span class='ocrx_word' id='word_1_47' title='bbox 1418 1622 1548 1689; x_wconf 87' lang='lat' dir='ltr'><strong>redditu</strong></span> <span class='ocrx_word' id='word_1_48' title='bbox 1568 1620 1639 1688; x_wconf 61' lang='lat' dir='ltr'><strong>xgr.</strong></span> <span class='ocrx_word' id='word_1_49' title='bbox 1663 1644 1721 1708; x_wconf 90' lang='lat' dir='ltr'><strong>pro</strong></span> <span class='ocrx_word' id='word_1_50' title='bbox 1743 1622 1832 1690; x_wconf 92' lang='lat' dir='ltr'><strong>omni</strong></span> 
     </span>
     <span class='ocr_line' id='line_1_7' title="bbox 359 1760 500 1828; baseline -0.007 0"><span class='ocrx_word' id='word_1_51' title='bbox 359 1760 500 1828; x_wconf 82' lang='lat' dir='ltr'><strong>eervioio.</strong></span> 
     </span>
    </p>

    <p class='ocr_par' dir='ltr' id='par_1_4' title="bbox 358 1894 1832 2243">
     <span class='ocr_line' id='line_1_8' title="bbox 402 1894 1832 1986; baseline -0.002 -21"><span class='ocrx_word' id='word_1_52' title='bbox 402 1898 417 1975; x_wconf 67' lang='grc' dir='ltr'><strong>ἓ</strong></span> <span class='ocrx_word' id='word_1_53' title='bbox 439 1898 486 1965; x_wconf 82' lang='lat' dir='ltr'><strong>Et</strong></span> <span class='ocrx_word' id='word_1_54' title='bbox 500 1896 638 1985; x_wconf 75' lang='lat' dir='ltr'><strong>quilibet</strong></span> <span class='ocrx_word' id='word_1_55' title='bbox 651 1894 823 1983; x_wconf 80' lang='lat' dir='ltr'><strong>burgensis</strong></span> <span class='ocrx_word' id='word_1_56' title='bbox 837 1898 943 1983; x_wconf 81' lang='lat' dir='ltr'><strong>potest</strong></span> <span class='ocrx_word' id='word_1_57' title='bbox 957 1917 1016 1982; x_wconf 87' lang='lat' dir='ltr'><strong>pro</strong></span> <span class='ocrx_word' id='word_1_58' title='bbox 1030 1896 1199 1963; x_wconf 89' lang='lat' dir='ltr'><strong>voluntate</strong></span> <span class='ocrx_word' id='word_1_59' title='bbox 1213 1918 1272 1963; x_wconf 80' lang='lat' dir='ltr'><strong>suu</strong></span> <span class='ocrx_word' id='word_1_60' title='bbox 1285 1895 1484 1986; x_wconf 71' lang='lat' dir='ltr'><strong>burgagium</strong></span> <span class='ocrx_word' id='word_1_61' title='bbox 1501 1919 1596 1964; x_wconf 82' lang='lat' dir='ltr'><strong>auum</strong></span> <span class='ocrx_word' id='word_1_62' title='bbox 1617 1896 1703 1984; x_wconf 91' lang='lat' dir='ltr'><strong>quod</strong></span> <span class='ocrx_word' id='word_1_63' title='bbox 1723 1901 1773 1963; x_wconf 83' lang='lat' dir='ltr'><strong>eet</strong></span> <span class='ocrx_word' id='word_1_64' title='bbox 1792 1896 1832 1963; x_wconf 91' lang='lat' dir='ltr'><strong>de</strong></span> 
     </span>
     <span class='ocr_line' id='line_1_9' title="bbox 358 2032 1831 2125; baseline -0.002 -20"><span class='ocrx_word' id='word_1_65' title='bbox 358 2036 528 2125; x_wconf 79' lang='lat' dir='ltr'><strong>purchetio</strong></span> <span class='ocrx_word' id='word_1_66' title='bbox 551 2057 609 2103; x_wconf 81' lang='lat' dir='ltr'><strong>suo</strong></span> <span class='ocrx_word' id='word_1_67' title='bbox 635 2034 812 2122; x_wconf 90' lang='lat' dir='ltr'><strong>ouieunque</strong></span> <span class='ocrx_word' id='word_1_68' title='bbox 835 2032 974 2100; x_wconf 85' lang='lat' dir='ltr'><strong>voluerit</strong></span> <span class='ocrx_word' id='word_1_69' title='bbox 998 2034 1075 2100; x_wconf 85' lang='lat' dir='ltr'><strong>dare</strong></span> <span class='ocrx_word' id='word_1_70' title='bbox 1103 2032 1271 2102; x_wconf 75' lang='lat' dir='ltr'><strong>invadiare</strong></span> <span class='ocrx_word' id='word_1_71' title='bbox 1300 2034 1439 2103; x_wconf 90' lang='lat' dir='ltr'><strong>vendere</strong></span> <span class='ocrx_word' id='word_1_72' title='bbox 1467 2036 1519 2104; x_wconf 89' lang='lat' dir='ltr'><strong>vel</strong></span> <span class='ocrx_word' id='word_1_73' title='bbox 1548 2058 1740 2123; x_wconf 86' lang='lat' dir='ltr'><strong>quoeunque</strong></span> <span class='ocrx_word' id='word_1_74' title='bbox 1768 2036 1831 2102; x_wconf 88' lang='lat' dir='ltr'><strong>alio</strong></span> 
     </span>
     <span class='ocr_line' id='line_1_10' title="bbox 361 2170 1273 2243; baseline -0.001 -2"><span class='ocrx_word' id='word_1_75' title='bbox 361 2177 455 2243; x_wconf 91' lang='lat' dir='ltr'><strong>modo</strong></span> <span class='ocrx_word' id='word_1_76' title='bbox 470 2174 610 2241; x_wconf 82' lang='lat' dir='ltr'><strong>alienare</strong></span> <span class='ocrx_word' id='word_1_77' title='bbox 625 2172 713 2240; x_wconf 80' lang='lat' dir='ltr'><strong>salvo</strong></span> <span class='ocrx_word' id='word_1_78' title='bbox 727 2176 838 2239; x_wconf 81' lang='lat' dir='ltr'><strong>temen</strong></span> <span class='ocrx_word' id='word_1_79' title='bbox 853 2170 984 2239; x_wconf 84' lang='lat' dir='ltr'><strong>eervioio</strong></span> <span class='ocrx_word' id='word_1_80' title='bbox 999 2171 1124 2238; x_wconf 92' lang='lat' dir='ltr'><strong>domini</strong></span> <span class='ocrx_word' id='word_1_81' title='bbox 1138 2172 1273 2240; x_wconf 84' lang='lat' dir='ltr'><strong>eomitie.</strong></span> 
     </span>
    </p>

    <p class='ocr_par' dir='ltr' id='par_1_5' title="bbox 358 2308 1834 3089">
     <span class='ocr_line' id='line_1_11' title="bbox 403 2308 1831 2400; baseline 0.001 -23"><span class='ocrx_word' id='word_1_82' title='bbox 403 2324 417 2400; x_wconf 61' lang='grc' dir='ltr'><strong>ς</strong></span> <span class='ocrx_word' id='word_1_83' title='bbox 440 2310 487 2379; x_wconf 87' lang='lat' dir='ltr'><strong>Et</strong></span> <span class='ocrx_word' id='word_1_84' title='bbox 509 2312 536 2378; x_wconf 86' lang='lat' dir='ltr'><strong>ei</strong></span> <span class='ocrx_word' id='word_1_85' title='bbox 558 2312 641 2378; x_wconf 86' lang='lat' dir='ltr'><strong>illud</strong></span> <span class='ocrx_word' id='word_1_86' title='bbox 661 2309 857 2399; x_wconf 86' lang='lat' dir='ltr'><strong>burgagium</strong></span> <span class='ocrx_word' id='word_1_87' title='bbox 878 2308 977 2376; x_wconf 81' lang='lat' dir='ltr'><strong>fuerit</strong></span> <span class='ocrx_word' id='word_1_88' title='bbox 997 2310 1039 2375; x_wconf 90' lang='lat' dir='ltr'><strong>de</strong></span> <span class='ocrx_word' id='word_1_89' title='bbox 1058 2308 1237 2377; x_wconf 88' lang='lat' dir='ltr'><strong>hereditate</strong></span> <span class='ocrx_word' id='word_1_90' title='bbox 1256 2310 1348 2379; x_wconf 80' lang='lat' dir='ltr'><strong>hereo</strong></span> <span class='ocrx_word' id='word_1_91' title='bbox 1367 2312 1467 2397; x_wconf 80' lang='lat' dir='ltr'><strong>ipaivn</strong></span> <span class='ocrx_word' id='word_1_92' title='bbox 1486 2310 1553 2378; x_wconf 83' lang='lat' dir='ltr'><strong>eive</strong></span> <span class='ocrx_word' id='word_1_93' title='bbox 1573 2310 1706 2378; x_wconf 77' lang='lat' dir='ltr'><strong>heredes</strong></span> <span class='ocrx_word' id='word_1_94' title='bbox 1726 2311 1831 2398; x_wconf 76' lang='lat' dir='ltr'><strong>ipsum</strong></span> 
     </span>
     <span class='ocr_line' id='line_1_12' title="bbox 360 2447 1832 2537; baseline -0.001 -21"><span class='ocrx_word' id='word_1_95' title='bbox 360 2449 534 2518; x_wconf 85' lang='lat' dir='ltr'><strong>habebunt.</strong></span> <span class='ocrx_word' id='word_1_96' title='bbox 580 2448 627 2516; x_wconf 85' lang='lat' dir='ltr'><strong>Et</strong></span> <span class='ocrx_word' id='word_1_97' title='bbox 642 2448 808 2537; x_wconf 82' lang='lat' dir='ltr'><strong>proximus</strong></span> <span class='ocrx_word' id='word_1_98' title='bbox 822 2448 914 2515; x_wconf 82' lang='lat' dir='ltr'><strong>hereo</strong></span> <span class='ocrx_word' id='word_1_99' title='bbox 928 2452 1057 2513; x_wconf 88' lang='lat' dir='ltr'><strong>mortuo</strong></span> <span class='ocrx_word' id='word_1_100' title='bbox 1073 2448 1293 2533; x_wconf 70' lang='lat' dir='ltr'><strong>predeeoeeore</strong></span> <span class='ocrx_word' id='word_1_101' title='bbox 1306 2470 1327 2514; x_wconf 83' lang='lat' dir='ltr'><strong>a</strong></span> <span class='ocrx_word' id='word_1_102' title='bbox 1341 2470 1405 2536; x_wconf 93' lang='lat' dir='ltr'><strong>quo</strong></span> <span class='ocrx_word' id='word_1_103' title='bbox 1420 2447 1581 2515; x_wconf 79' lang='lat' dir='ltr'><strong>hereditas</strong></span> <span class='ocrx_word' id='word_1_104' title='bbox 1595 2448 1626 2515; x_wconf 90' lang='lat' dir='ltr'><strong>ei</strong></span> <span class='ocrx_word' id='word_1_105' title='bbox 1642 2449 1832 2516; x_wconf 81' lang='lat' dir='ltr'><strong>deseendere</strong></span> 
     </span>
     <span class='ocr_line' id='line_1_13' title="bbox 360 2584 1832 2675; baseline -0.001 -20"><span class='ocrx_word' id='word_1_106' title='bbox 360 2588 474 2656; x_wconf 78' lang='lat' dir='ltr'><strong>debeat</strong></span> <span class='ocrx_word' id='word_1_107' title='bbox 494 2588 605 2655; x_wconf 79' lang='lat' dir='ltr'><strong>stetim</strong></span> <span class='ocrx_word' id='word_1_108' title='bbox 627 2587 695 2653; x_wconf 87' lang='lat' dir='ltr'><strong>aine</strong></span> <span class='ocrx_word' id='word_1_109' title='bbox 715 2586 895 2653; x_wconf 72' lang='lat' dir='ltr'><strong>ostensione</strong></span> <span class='ocrx_word' id='word_1_110' title='bbox 914 2584 1060 2673; x_wconf 85' lang='lat' dir='ltr'><strong>beyllivo</strong></span> <span class='ocrx_word' id='word_1_111' title='bbox 1081 2588 1132 2653; x_wconf 88' lang='lat' dir='ltr'><strong>vel</strong></span> <span class='ocrx_word' id='word_1_112' title='bbox 1154 2587 1315 2675; x_wconf 77' lang='lat' dir='ltr'><strong>preposito</strong></span> <span class='ocrx_word' id='word_1_113' title='bbox 1337 2586 1486 2654; x_wconf 75' lang='lat' dir='ltr'><strong>iudendo</strong></span> <span class='ocrx_word' id='word_1_114' title='bbox 1506 2587 1720 2655; x_wconf 72' lang='lat' dir='ltr'><strong>hereditatem</strong></span> <span class='ocrx_word' id='word_1_115' title='bbox 1741 2609 1832 2654; x_wconf 83' lang='lat' dir='ltr'><strong>auom</strong></span> 
     </span>
     <span class='ocr_line' id='line_1_14' title="bbox 358 2684 1832 2815; baseline -0.002 -23"><span class='ocrx_word' id='word_1_116' title='bbox 358 2727 568 2814; x_wconf 87' lang='lat' dir='ltr'><strong>ingredietur.</strong></span> <span class='ocrx_word' id='word_1_117' title='bbox 614 2724 661 2791; x_wconf 83' lang='lat' dir='ltr'><strong>Et</strong></span> <span class='ocrx_word' id='word_1_118' title='bbox 680 2725 708 2791; x_wconf 84' lang='lat' dir='ltr'><strong>ei</strong></span> <span class='ocrx_word' id='word_1_119' title='bbox 727 2722 898 2812; x_wconf 74' lang='lat' dir='ltr'><strong>burgensis</strong></span> <span class='ocrx_word' id='word_1_120' title='bbox 917 2721 1068 2790; x_wconf 84' lang='lat' dir='ltr'><strong>habuerit</strong></span> <span class='ocrx_word' id='word_1_121' title='bbox 1087 2724 1152 2791; x_wconf 89' lang='lat' dir='ltr'><strong>duo</strong></span> <span class='ocrx_word' id='word_1_122' title='bbox 1174 2723 1336 2815; x_wconf 88' lang='lat' dir='ltr'><strong>burgagia</strong></span> <span class='ocrx_word' id='word_1_123' title='bbox 1355 2731 1388 2791; x_wconf 91' lang='lat' dir='ltr'><strong>et</strong></span> <span class='ocrx_word' id='word_1_124' title='bbox 1407 2724 1544 2792; x_wconf 88' lang='lat' dir='ltr'><strong>voluerit</strong></span> <span class='ocrx_word' id='word_1_125' title='bbox 1564 2684 1667 2790; x_wconf 90' lang='lat' dir='ltr'><strong>uuum</strong></span> <span class='ocrx_word' id='word_1_126' title='bbox 1688 2724 1832 2811; x_wconf 82' lang='lat' dir='ltr'><strong>ipsorum</strong></span> 
     </span>
     <span class='ocr_line' id='line_1_15' title="bbox 358 2860 1834 2949; baseline -0.001 -18"><span class='ocrx_word' id='word_1_127' title='bbox 358 2864 452 2931; x_wconf 84' lang='lat' dir='ltr'><strong>alteri</strong></span> <span class='ocrx_word' id='word_1_128' title='bbox 465 2864 569 2930; x_wconf 87' lang='lat' dir='ltr'><strong>loeare</strong></span> <span class='ocrx_word' id='word_1_129' title='bbox 584 2866 689 2949; x_wconf 82' lang='lat' dir='ltr'><strong>potest</strong></span> <span class='ocrx_word' id='word_1_130' title='bbox 704 2861 731 2928; x_wconf 80' lang='lat' dir='ltr'><strong>ei</strong></span> <span class='ocrx_word' id='word_1_131' title='bbox 746 2860 884 2928; x_wconf 89' lang='lat' dir='ltr'><strong>voluerit</strong></span> <span class='ocrx_word' id='word_1_132' title='bbox 899 2860 1021 2927; x_wconf 87' lang='lat' dir='ltr'><strong>loeator</strong></span> <span class='ocrx_word' id='word_1_133' title='bbox 1035 2862 1173 2927; x_wconf 83' lang='lat' dir='ltr'><strong>eandem</strong></span> <span class='ocrx_word' id='word_1_134' title='bbox 1189 2861 1374 2929; x_wconf 78' lang='lat' dir='ltr'><strong>libertatem</strong></span> <span class='ocrx_word' id='word_1_135' title='bbox 1393 2863 1564 2929; x_wconf 90' lang='lat' dir='ltr'><strong>oonoedere</strong></span> <span class='ocrx_word' id='word_1_136' title='bbox 1583 2862 1613 2929; x_wconf 90' lang='lat' dir='ltr'><strong>ei</strong></span> <span class='ocrx_word' id='word_1_137' title='bbox 1634 2863 1691 2948; x_wconf 89' lang='lat' dir='ltr'><strong>qui</strong></span> <span class='ocrx_word' id='word_1_138' title='bbox 1710 2862 1834 2929; x_wconf 76' lang='lat' dir='ltr'><strong>diotiim</strong></span> 
     </span>
     <span class='ocr_line' id='line_1_16' title="bbox 358 2998 1391 3089; baseline 0.001 -22"><span class='ocrx_word' id='word_1_139' title='bbox 358 3002 556 3089; x_wconf 81' lang='lat' dir='ltr'><strong>burgagium</strong></span> <span class='ocrx_word' id='word_1_140' title='bbox 571 3000 723 3067; x_wconf 77' lang='lat' dir='ltr'><strong>locaverit</strong></span> <span class='ocrx_word' id='word_1_141' title='bbox 738 3021 837 3086; x_wconf 89' lang='lat' dir='ltr'><strong>quam</strong></span> <span class='ocrx_word' id='word_1_142' title='bbox 851 3003 884 3064; x_wconf 91' lang='lat' dir='ltr'><strong>et</strong></span> <span class='ocrx_word' id='word_1_143' title='bbox 898 2998 966 3085; x_wconf 81' lang='lat' dir='ltr'><strong>ipse</strong></span> <span class='ocrx_word' id='word_1_144' title='bbox 981 2998 1080 3065; x_wconf 87' lang='lat' dir='ltr'><strong>habet</strong></span> <span class='ocrx_word' id='word_1_145' title='bbox 1095 3004 1128 3066; x_wconf 91' lang='lat' dir='ltr'><strong>et</strong></span> <span class='ocrx_word' id='word_1_146' title='bbox 1143 3000 1211 3087; x_wconf 83' lang='lat' dir='ltr'><strong>ipae</strong></span> <span class='ocrx_word' id='word_1_147' title='bbox 1226 3000 1391 3089; x_wconf 87' lang='lat' dir='ltr'><strong>gaudebit.</strong></span> 
     </span>
    </p>

    <p class='ocr_par' dir='ltr' id='par_1_6' title="bbox 402 3148 1833 3239">
     <span class='ocr_line' id='line_1_17' title="bbox 402 3148 1833 3239; baseline -0.001 -21"><span class='ocrx_word' id='word_1_148' title='bbox 402 3152 417 3229; x_wconf 67' lang='grc' dir='ltr'>ἓ</span> <span class='ocrx_word' id='word_1_149' title='bbox 440 3151 528 3218; x_wconf 84' lang='lat' dir='ltr'><strong>Etsi</strong></span> <span class='ocrx_word' id='word_1_150' title='bbox 543 3152 615 3239; x_wconf 86' lang='lat' dir='ltr'><strong>quie</strong></span> <span class='ocrx_word' id='word_1_151' title='bbox 630 3150 803 3217; x_wconf 87' lang='lat' dir='ltr'><strong>dimidium</strong></span> <span class='ocrx_word' id='word_1_152' title='bbox 817 3148 1015 3237; x_wconf 76' lang='lat' dir='ltr'><strong>burgagium</strong></span> <span class='ocrx_word' id='word_1_153' title='bbox 1029 3150 1065 3216; x_wconf 93' lang='lat' dir='ltr'><strong>in</strong></span> <span class='ocrx_word' id='word_1_154' title='bbox 1080 3150 1185 3236; x_wconf 85' lang='lat' dir='ltr'><strong>eapite</strong></span> <span class='ocrx_word' id='word_1_155' title='bbox 1200 3150 1241 3217; x_wconf 87' lang='lat' dir='ltr'><strong>de</strong></span> <span class='ocrx_word' id='word_1_156' title='bbox 1255 3150 1387 3219; x_wconf 87' lang='lat' dir='ltr'><strong>domino</strong></span> <span class='ocrx_word' id='word_1_157' title='bbox 1401 3151 1518 3219; x_wconf 89' lang='lat' dir='ltr'><strong>oomite</strong></span> <span class='ocrx_word' id='word_1_158' title='bbox 1535 3150 1677 3217; x_wconf 86' lang='lat' dir='ltr'><strong>tenuerit</strong></span> <span class='ocrx_word' id='word_1_159' title='bbox 1697 3151 1833 3217; x_wconf 87' lang='lat' dir='ltr'><strong>eandem</strong></span> 
     </span>
    </p>
   </div>
   <div class='ocr_carea' id='block_1_4' title="bbox 358 3286 1322 3377">
    <p class='ocr_par' dir='ltr' id='par_1_7' title="bbox 358 3286 1322 3377">
     <span class='ocr_line' id='line_1_18' title="bbox 358 3286 1322 3377; baseline -0.003 -19"><span class='ocrx_word' id='word_1_160' title='bbox 358 3289 541 3358; x_wconf 87' lang='lat' dir='ltr'><strong>libertatem</strong></span> <span class='ocrx_word' id='word_1_161' title='bbox 556 3287 687 3356; x_wconf 81' lang='lat' dir='ltr'><strong>hebebit</strong></span> <span class='ocrx_word' id='word_1_162' title='bbox 702 3312 739 3355; x_wconf 89' lang='lat' dir='ltr'><strong>ae</strong></span> <span class='ocrx_word' id='word_1_163' title='bbox 753 3289 780 3355; x_wconf 87' lang='lat' dir='ltr'><strong>ei</strong></span> <span class='ocrx_word' id='word_1_164' title='bbox 795 3290 960 3377; x_wconf 89' lang='lat' dir='ltr'><strong>integrum</strong></span> <span class='ocrx_word' id='word_1_165' title='bbox 975 3292 1100 3354; x_wconf 89' lang='lat' dir='ltr'><strong>teneret</strong></span> <span class='ocrx_word' id='word_1_166' title='bbox 1114 3286 1322 3377; x_wconf 87' lang='lat' dir='ltr'><strong>burgagium.</strong></span> 
     </span>
    </p>
   </div>
   <div class='ocr_carea' id='block_1_5' title="bbox 403 3435 1832 3528">
    <p class='ocr_par' dir='ltr' id='par_1_8' title="bbox 403 3435 1832 3528">
     <span class='ocr_line' id='line_1_19' title="bbox 403 3435 1832 3528; baseline -0.002 -19"><span class='ocrx_word' id='word_1_167' title='bbox 403 3444 418 3518; x_wconf 68' lang='lat' dir='ltr'><strong>t</strong></span> <span class='ocrx_word' id='word_1_168' title='bbox 440 3440 528 3509; x_wconf 85' lang='lat' dir='ltr'><strong>Item</strong></span> <span class='ocrx_word' id='word_1_169' title='bbox 542 3439 712 3528; x_wconf 77' lang='lat' dir='ltr'><strong>burgensis</strong></span> <span class='ocrx_word' id='word_1_170' title='bbox 726 3440 852 3505; x_wconf 82' lang='lat' dir='ltr'><strong>nullum</strong></span> <span class='ocrx_word' id='word_1_171' title='bbox 872 3444 992 3506; x_wconf 85' lang='lat' dir='ltr'><strong>eeotem</strong></span> <span class='ocrx_word' id='word_1_172' title='bbox 1011 3439 1108 3507; x_wconf 89' lang='lat' dir='ltr'><strong>debet</strong></span> <span class='ocrx_word' id='word_1_173' title='bbox 1127 3440 1191 3506; x_wconf 86' lang='lat' dir='ltr'><strong>niai</strong></span> <span class='ocrx_word' id='word_1_174' title='bbox 1211 3441 1378 3508; x_wconf 87' lang='lat' dir='ltr'><strong>voluntate</strong></span> <span class='ocrx_word' id='word_1_175' title='bbox 1398 3440 1441 3507; x_wconf 90' lang='lat' dir='ltr'><strong>ad</strong></span> <span class='ocrx_word' id='word_1_176' title='bbox 1461 3435 1684 3506; x_wconf 85' lang='lat' dir='ltr'><strong>molendinum</strong></span> <span class='ocrx_word' id='word_1_177' title='bbox 1704 3440 1772 3507; x_wconf 81' lang='lat' dir='ltr'><strong>eive</strong></span> <span class='ocrx_word' id='word_1_178' title='bbox 1791 3441 1832 3506; x_wconf 88' lang='lat' dir='ltr'><strong>ad</strong></span> 
     </span>
    </p>
   </div>
   <div class='ocr_carea' id='block_1_6' title="bbox 358 3576 1836 4784">
    <p class='ocr_par' dir='ltr' id='par_1_9' title="bbox 358 3576 946 3669">
     <span class='ocr_line' id='line_1_20' title="bbox 358 3576 946 3669; baseline -0.007 -22"><span class='ocrx_word' id='word_1_179' title='bbox 358 3602 484 3669; x_wconf 85' lang='lat' dir='ltr'><strong>pennos</strong></span> <span class='ocrx_word' id='word_1_180' title='bbox 497 3578 682 3645; x_wconf 79' lang='lat' dir='ltr'><strong>tollendum</strong></span> <span class='ocrx_word' id='word_1_181' title='bbox 697 3577 749 3643; x_wconf 90' lang='lat' dir='ltr'><strong>vel</strong></span> <span class='ocrx_word' id='word_1_182' title='bbox 764 3576 946 3663; x_wconf 81' lang='lat' dir='ltr'><strong>tingendos.</strong></span> 
     </span>
    </p>

    <p class='ocr_par' dir='ltr' id='par_1_10' title="bbox 361 3712 1835 4083">
     <span class='ocr_line' id='line_1_21' title="bbox 405 3712 1835 3807; baseline -0.003 -22"><span class='ocrx_word' id='word_1_183' title='bbox 405 3730 420 3807; x_wconf 56' lang='grc' dir='ltr'>ᾗ</span> <span class='ocrx_word' id='word_1_184' title='bbox 442 3716 529 3785; x_wconf 91' lang='lat' dir='ltr'><strong>Item</strong></span> <span class='ocrx_word' id='word_1_185' title='bbox 553 3716 663 3783; x_wconf 80' lang='lat' dir='ltr'><strong>nullus</strong></span> <span class='ocrx_word' id='word_1_186' title='bbox 686 3714 856 3802; x_wconf 81' lang='lat' dir='ltr'><strong>burgensis</strong></span> <span class='ocrx_word' id='word_1_187' title='bbox 879 3712 971 3780; x_wconf 89' lang='lat' dir='ltr'><strong>dabit</strong></span> <span class='ocrx_word' id='word_1_188' title='bbox 994 3738 1053 3803; x_wconf 90' lang='lat' dir='ltr'><strong>pro</strong></span> <span class='ocrx_word' id='word_1_189' title='bbox 1073 3714 1233 3803; x_wconf 76' lang='lat' dir='ltr'><strong>burgagio</strong></span> <span class='ocrx_word' id='word_1_190' title='bbox 1251 3738 1308 3783; x_wconf 85' lang='lat' dir='ltr'><strong>ouo</strong></span> <span class='ocrx_word' id='word_1_191' title='bbox 1328 3714 1488 3783; x_wconf 85' lang='lat' dir='ltr'><strong>horietum</strong></span> <span class='ocrx_word' id='word_1_192' title='bbox 1506 3716 1559 3783; x_wconf 90' lang='lat' dir='ltr'><strong>vel</strong></span> <span class='ocrx_word' id='word_1_193' title='bbox 1580 3715 1746 3783; x_wconf 87' lang='lat' dir='ltr'><strong>relevium.</strong></span> <span class='ocrx_word' id='word_1_194' title='bbox 1778 3714 1835 3782; x_wconf 84' lang='lat' dir='ltr'><strong>Set</strong></span> 
     </span>
     <span class='ocr_line' id='line_1_22' title="bbox 361 3832 1834 3945; baseline -0.003 -22"><span class='ocrx_word' id='word_1_195' title='bbox 361 3855 498 3945; x_wconf 90' lang='lat' dir='ltr'><strong>quilibet</strong></span> <span class='ocrx_word' id='word_1_196' title='bbox 513 3858 618 3944; x_wconf 84' lang='lat' dir='ltr'><strong>potest</strong></span> <span class='ocrx_word' id='word_1_197' title='bbox 631 3876 690 3941; x_wconf 91' lang='lat' dir='ltr'><strong>pro</strong></span> <span class='ocrx_word' id='word_1_198' title='bbox 706 3852 875 3920; x_wconf 87' lang='lat' dir='ltr'><strong>voluntate</strong></span> <span class='ocrx_word' id='word_1_199' title='bbox 889 3873 948 3919; x_wconf 80' lang='lat' dir='ltr'><strong>aua</strong></span> <span class='ocrx_word' id='word_1_200' title='bbox 963 3852 1068 3920; x_wconf 86' lang='lat' dir='ltr'><strong>filium</strong></span> <span class='ocrx_word' id='word_1_201' title='bbox 1082 3853 1135 3921; x_wconf 90' lang='lat' dir='ltr'><strong>vel</strong></span> <span class='ocrx_word' id='word_1_202' title='bbox 1149 3854 1251 3920; x_wconf 87' lang='lat' dir='ltr'><strong>filiam</strong></span> <span class='ocrx_word' id='word_1_203' title='bbox 1268 3875 1361 3921; x_wconf 82' lang='lat' dir='ltr'><strong>auam</strong></span> <span class='ocrx_word' id='word_1_204' title='bbox 1380 3832 1620 3921; x_wconf 73' lang='lat' dir='ltr'><strong>mariture‘aine</strong></span> <span class='ocrx_word' id='word_1_205' title='bbox 1641 3852 1775 3920; x_wconf 85' lang='lat' dir='ltr'><strong>lieenoia</strong></span> <span class='ocrx_word' id='word_1_206' title='bbox 1793 3851 1834 3919; x_wconf 90' lang='lat' dir='ltr'><strong>ab</strong></span> 
     </span>
     <span class='ocr_line' id='line_1_23' title="bbox 362 3993 635 4083; baseline -0.015 -21"><span class='ocrx_word' id='word_1_207' title='bbox 362 3996 471 4083; x_wconf 90' lang='lat' dir='ltr'><strong>aliquo</strong></span> <span class='ocrx_word' id='word_1_208' title='bbox 485 3993 635 4081; x_wconf 82' lang='lat' dir='ltr'><strong>petendu.</strong></span> 
     </span>
    </p>

    <p class='ocr_par' dir='ltr' id='par_1_11' title="bbox 365 4126 1835 4355">
     <span class='ocr_line' id='line_1_24' title="bbox 407 4126 1835 4217; baseline -0.005 -18"><span class='ocrx_word' id='word_1_209' title='bbox 407 4132 422 4209; x_wconf 65' lang='grc' dir='ltr'><strong>ἓ</strong></span> <span class='ocrx_word' id='word_1_210' title='bbox 444 4132 531 4199; x_wconf 87' lang='lat' dir='ltr'><strong>Item</strong></span> <span class='ocrx_word' id='word_1_211' title='bbox 557 4129 693 4217; x_wconf 88' lang='lat' dir='ltr'><strong>quilibet</strong></span> <span class='ocrx_word' id='word_1_212' title='bbox 717 4133 825 4217; x_wconf 85' lang='lat' dir='ltr'><strong>poteet</strong></span> <span class='ocrx_word' id='word_1_213' title='bbox 849 4127 965 4196; x_wconf 87' lang='lat' dir='ltr'><strong>bovem</strong></span> <span class='ocrx_word' id='word_1_214' title='bbox 990 4150 1086 4196; x_wconf 83' lang='lat' dir='ltr'><strong>suum</strong></span> <span class='ocrx_word' id='word_1_215' title='bbox 1113 4150 1233 4215; x_wconf 88' lang='lat' dir='ltr'><strong>equum</strong></span> <span class='ocrx_word' id='word_1_216' title='bbox 1261 4131 1296 4194; x_wconf 91' lang='lat' dir='ltr'><strong>et</strong></span> <span class='ocrx_word' id='word_1_217' title='bbox 1324 4126 1423 4193; x_wconf 86' lang='lat' dir='ltr'><strong>aliam</strong></span> <span class='ocrx_word' id='word_1_218' title='bbox 1447 4147 1585 4194; x_wconf 81' lang='lat' dir='ltr'><strong>meroem</strong></span> <span class='ocrx_word' id='word_1_219' title='bbox 1610 4148 1835 4214; x_wconf 86' lang='lat' dir='ltr'><strong>quameunque</strong></span> 
     </span>
     <span class='ocr_line' id='line_1_25' title="bbox 365 4265 1198 4355; baseline -0.007 -18"><span class='ocrx_word' id='word_1_220' title='bbox 365 4268 514 4337; x_wconf 87' lang='lat' dir='ltr'><strong>hebuerit</strong></span> <span class='ocrx_word' id='word_1_221' title='bbox 527 4267 666 4355; x_wconf 90' lang='lat' dir='ltr'><strong>legalem</strong></span> <span class='ocrx_word' id='word_1_222' title='bbox 681 4266 750 4333; x_wconf 82' lang='lat' dir='ltr'><strong>eine</strong></span> <span class='ocrx_word' id='word_1_223' title='bbox 764 4265 897 4333; x_wconf 88' lang='lat' dir='ltr'><strong>lioeneia</strong></span> <span class='ocrx_word' id='word_1_224' title='bbox 911 4265 1036 4332; x_wconf 90' lang='lat' dir='ltr'><strong>domini</strong></span> <span class='ocrx_word' id='word_1_225' title='bbox 1050 4265 1198 4332; x_wconf 87' lang='lat' dir='ltr'><strong>vendere.</strong></span> 
     </span>
    </p>

    <p class='ocr_par' dir='ltr' id='par_1_12' title="bbox 366 4388 1836 4784">
     <span class='ocr_line' id='line_1_26' title="bbox 410 4388 1835 4505; baseline -0.002 -20"><span class='ocrx_word' id='word_1_226' title='bbox 410 4418 425 4495; x_wconf 67' lang='lat' dir='ltr'>S</span> <span class='ocrx_word' id='word_1_227' title='bbox 448 4418 535 4485; x_wconf 92' lang='lat' dir='ltr'><strong>Item</strong></span> <span class='ocrx_word' id='word_1_228' title='bbox 549 4437 740 4505; x_wconf 78' lang='lat' dir='ltr'><strong>quoeunque</strong></span> <span class='ocrx_word' id='word_1_229' title='bbox 754 4420 858 4482; x_wconf 92' lang='lat' dir='ltr'><strong>morte</strong></span> <span class='ocrx_word' id='word_1_230' title='bbox 868 4415 1039 4505; x_wconf 79' lang='lat' dir='ltr'><strong>burgensis</strong></span> <span class='ocrx_word' id='word_1_231' title='bbox 1049 4388 1278 4503; x_wconf 81' lang='lat' dir='ltr'><strong>preoeoupetue</strong></span> <span class='ocrx_word' id='word_1_232' title='bbox 1287 4413 1388 4481; x_wconf 84' lang='lat' dir='ltr'><strong>fuerit</strong></span> <span class='ocrx_word' id='word_1_233' title='bbox 1401 4412 1465 4480; x_wconf 77' lang='lat' dir='ltr'><strong>nisi</strong></span> <span class='ocrx_word' id='word_1_234' title='bbox 1475 4412 1575 4481; x_wconf 81' lang='lat' dir='ltr'><strong>fuerit</strong></span> <span class='ocrx_word' id='word_1_235' title='bbox 1584 4436 1643 4501; x_wconf 89' lang='lat' dir='ltr'><strong>per</strong></span> <span class='ocrx_word' id='word_1_236' title='bbox 1656 4415 1835 4501; x_wconf 88' lang='lat' dir='ltr'><strong>nequitiam</strong></span> 
     </span>
     <span class='ocr_line' id='line_1_27' title="bbox 367 4551 1836 4645; baseline -0.003 -21"><span class='ocrx_word' id='word_1_237' title='bbox 367 4560 562 4645; x_wconf 81' lang='lat' dir='ltr'><strong>danpnetue</strong></span> <span class='ocrx_word' id='word_1_238' title='bbox 580 4576 662 4621; x_wconf 85' lang='lat' dir='ltr'><strong>uxor</strong></span> <span class='ocrx_word' id='word_1_239' title='bbox 681 4552 754 4641; x_wconf 78' lang='lat' dir='ltr'><strong>ejus</strong></span> <span class='ocrx_word' id='word_1_240' title='bbox 773 4557 807 4621; x_wconf 91' lang='lat' dir='ltr'><strong>et</strong></span> <span class='ocrx_word' id='word_1_241' title='bbox 826 4551 920 4620; x_wconf 87' lang='lat' dir='ltr'><strong>liberi</strong></span> <span class='ocrx_word' id='word_1_242' title='bbox 940 4554 991 4620; x_wconf 85' lang='lat' dir='ltr'><strong>eui</strong></span> <span class='ocrx_word' id='word_1_243' title='bbox 1010 4551 1177 4621; x_wconf 88' lang='lat' dir='ltr'><strong>habebunt</strong></span> <span class='ocrx_word' id='word_1_244' title='bbox 1196 4552 1313 4620; x_wconf 78' lang='lat' dir='ltr'><strong>catalla</strong></span> <span class='ocrx_word' id='word_1_245' title='bbox 1332 4552 1453 4620; x_wconf 90' lang='lat' dir='ltr'><strong>mortui</strong></span> <span class='ocrx_word' id='word_1_246' title='bbox 1466 4552 1520 4619; x_wconf 89' lang='lat' dir='ltr'><strong>vel</strong></span> <span class='ocrx_word' id='word_1_247' title='bbox 1533 4552 1674 4641; x_wconf 85' lang='lat' dir='ltr'><strong>proximi</strong></span> <span class='ocrx_word' id='word_1_248' title='bbox 1686 4559 1836 4640; x_wconf 75' lang='lat' dir='ltr'><strong>parentet</strong></span> 
     </span>
     <span class='ocr_line' id='line_1_28' title="bbox 366 4690 1424 4784; baseline -0.003 -22"><span class='ocrx_word' id='word_1_249' title='bbox 366 4695 467 4784; x_wconf 79' lang='lat' dir='ltr'><strong>ipsius</strong></span> <span class='ocrx_word' id='word_1_250' title='bbox 481 4698 637 4782; x_wconf 87' lang='lat' dir='ltr'><strong>tanquam</strong></span> <span class='ocrx_word' id='word_1_251' title='bbox 650 4691 784 4759; x_wconf 81' lang='lat' dir='ltr'><strong>heredes</strong></span> <span class='ocrx_word' id='word_1_252' title='bbox 798 4690 826 4757; x_wconf 82' lang='lat' dir='ltr'><strong>ei</strong></span> <span class='ocrx_word' id='word_1_253' title='bbox 839 4712 906 4757; x_wconf 92' lang='lat' dir='ltr'><strong>non</strong></span> <span class='ocrx_word' id='word_1_254' title='bbox 922 4690 1072 4760; x_wconf 77' lang='lat' dir='ltr'><strong>hebuerit</strong></span> <span class='ocrx_word' id='word_1_255' title='bbox 1086 4713 1219 4760; x_wconf 85' lang='lat' dir='ltr'><strong>uxorem</strong></span> <span class='ocrx_word' id='word_1_256' title='bbox 1232 4690 1285 4758; x_wconf 86' lang='lat' dir='ltr'><strong>vel</strong></span> <span class='ocrx_word' id='word_1_257' title='bbox 1298 4690 1424 4759; x_wconf 74' lang='lat' dir='ltr'><strong>liberos.</strong></span> 
     </span>
    </p>
   </div>
   <div class='ocr_carea' id='block_1_7' title="bbox 0 0 2068 5349">
    <p class='ocr_par' dir='ltr' id='par_1_13' title="bbox 0 0 2068 5349">
     <span class='ocr_line' id='line_1_29' title="bbox 0 0 2068 5349; baseline 0 0"><span class='ocrx_word' id='word_1_258' title='bbox 0 0 2068 5349; x_wconf 95' lang='lat' dir='ltr'><strong> </strong></span> 
     </span>
    </p>
   </div>
  </div>
 </body>
</html>
