4125 5359
1603 535 1644 602 61

218 852 449 921 investivimus.
482 852 672 921 'ferminum
682 875 758 921 vero
772 857 840 920 tam
854 852 1005 921 Uareno
1019 854 1245 921 Lasuavasss
1260 854 1415 942 episcopo,
1430 875 1529 940 quam
1542 853 1584 921 B.
1594 858 1629 921 et
1642 852 1685 921 R

219 990 375 1077 episcopis
388 989 586 1057 mediantem
596 990 875 1077 quadragesimam
888 990 1069 1072 statuimus,
1080 996 1114 1058 et
1123 995 1202 1057 tanc
1212 995 1349 1077 utraque
1362 1012 1438 1077 pars
1447 989 1600 1075 expositis
1609 990 1685 1072 suis,

219 1128 256 1195 in
269 1130 379 1195 nostm
392 1125 552 1214 presentia
565 1126 752 1207 rationibus,
768 1129 855 1214 quod
872 1126 1008 1215 justitiae
1030 1128 1114 1196 ratio
1134 1128 1312 1209 dictaverit,
1335 1108 1507 1214 optinebit
1547 1126 1687 1195 Interim

220 1270 330 1331 autem
344 1262 538 1351 precipimus
550 1266 590 1329 ut
603 1262 704 1329 irater
718 1263 888 1332 Uaaancs
902 1266 1087 1352 parochiam
1100 1266 1201 1346 illam,
1220 1266 1261 1332 de
1282 1287 1347 1351 qua
1367 1264 1556 1352 disceptatio
1576 1264 1687 1347 fuerit,

220 1404 358 1489 integre,
388 1401 505 1488 quiete,
535 1406 584 1468 est
613 1400 733 1488 absque
762 1402 901 1490 alicujus
930 1404 1181 1472 contradictione
1206 1403 1361 1491 optineat.
1405 1400 1459 1470 Tu
1483 1424 1561 1489 ergo
1586 1402 1687 1469 frater

220 1540 455 1627 archiepiscope
484 1539 681 1626 supradictos
710 1540 872 1629 episcopos
894 1540 935 1608 B.
967 1546 1000 1608 et
1028 1540 1072 1607 It.
1102 1540 1287 1627 parochiam
1315 1542 1419 1628 ipsam
1443 1544 1689 1628 compareant

222 1678 405 1765 pervadme,
421 1676 473 1743 vel
487 1698 544 1763 per
559 1700 592 1743 se
606 1678 658 1743 vel
672 1677 838 1745 officiarios
853 1700 926 1745 suos
939 1679 1030 1745 nullo
1044 1680 1142 1745 modo
1154 1678 1331 1766 permittas.

266 1826 392 1893 Datum
407 1824 598 1893 Lernam.
646 1828 687 1892 13
710 1828 857 1895 kalendis
878 1828 970 1895 Maii.

723 1988 822 2075 (Rees
842 1988 926 2056 LL.
951 2012 1004 2077 pp.
1029 1990 1083 2070 34,
1105 1990 1195 2075 573.)

891 2275 1021 2344 DLIX.

224 2439 357 2509 BULL
387 2439 447 2507 OF
478 2439 597 2529 ΡΟᾙΕ
624 2440 872 2507 HONORIUS
901 2440 951 2507 II.
984 2440 1043 2508 ΤΟ
1073 2440 1254 2522 URBAN,
1281 2441 1435 2509 BIsHP.
1463 2441 1523 2510 01⁴*
1548 2442 1694 2511 LLAN·

313 2577 451 2659 DAFF,
487 2576 757 2645 OONFIRlssN
760 2576 791 2643 G
824 2574 924 2642 THE
958 2575 1255 2643 POSSESSIONS
1287 2575 1348 2644 ΟΡ
1380 2576 1481 2644 THE
1513 2576 1610 2645 SEE.

563 2739 712 2829 [Corsos
728 2738 824 2807 MSS.
871 2738 1290 2829 Vrusns1usG.X„f.28.]
1343 2742 1383 2807 19
1406 2740 1532 2823 Anam,
1555 2696 1650 2809 ilas.

271 2904 455 2971 Hosoarus
469 2908 528 2971 ete.
544 2908 601 2969 etc.
620 2902 684 2970 Dei
698 2903 873 2971 venerabili
888 2904 982 2971 iretri
998 2904 1149 2971 Uaaasc
1166 2902 1393 2970 Lanuavassr
1408 2904 1536 2971 ecclesie
1550 2904 1698 2992 episcopo

225 3044 363 3131 ejusque
377 3040 606 3109 successoribus
620 3042 770 3109 canonice
784 3043 1009 3129 promovendis
1022 3043 1270 3129 imperpetuum.

271 3180 315 3247 In
330 3178 486 3247 eminenti
500 3152 670 3265 apostolice
684 3179 768 3246 sedis
786 3180 923 3267 specula,
939 3180 1130 3267 disponente
1149 3179 1290 3258 domino,
1306 3178 1472 3245 constituti
1489 3202 1530 3245 ex
1549 3178 1699 3266 injuncto

226 3317 322 3385 nobis
346 3318 448 3383 officio
471 3316 587 3383 naues
610 3300 734 3383 nostros
759 3316 921 3403 episcopos
945 3314 1098 3383 debemus
1121 3314 1266 3403 diligere,
1288 3320 1323 3381 et
1344 3315 1482 3383 ecclesiis
1503 3315 1564 3382 sibi
1585 3339 1607 3384 a
1627 3316 1700 3385 Deo

227 3454 404 3521 commissis
436 3475 527 3520 suam
560 3453 721 3540 justitiam
754 3475 947 3521 conservare.
1003 3452 1145 3521 Proinde
1169 3452 1335 3519 karissime
1363 3452 1399 3518 iu
1427 3451 1570 3520 Domino
1598 3453 1700 3521 irater

230 3590 381 3657 Uscana
410 3592 554 3677 episcope
584 3591 648 3657 tuis
676 3589 921 3659 rationabilibus
950 3558 1221 3676 postillationibus
1249 3595 1437 3671 annuentes,
1466 3590 1554 3659 beati
1589 3590 1700 3659 Pam

230 3732 477 3815 sanctorumque
490 3726 706 3795 confessorum
719 3726 885 3793 Dosaron
909 3724 1058 3793 Taumm
1085 3726 1237 3795 Ounocn
1259 3726 1521 3793 huniversus
1536 3728 1701 3797 ecclesiam

231 3866 284 3933 cui
312 3864 384 3931 Deo
413 3867 524 3930 autore
552 3864 693 3950 presides
720 3864 757 3931 in
786 3864 956 3951 apostolice
982 3864 1067 3931 sedis
1090 3864 1195 3931 tutela
1219 3863 1404 3951 excipimus.
1458 3864 1523 3931 Per
1545 3868 1703 3953 presentis

232 4004 336 4091 igitur
349 4001 512 4089 privilegii
526 4001 680 4089 paginam
699 4002 872 4088 apostolica
890 4001 1080 4070 auctoritate
1099 4001 1281 4081 statuimus,
1295 4006 1335 4068 ut
1355 4001 1485 4068 ecclesia
1503 4008 1610 4071 restra
1628 4028 1703 4073 curn

234 4164 293 4207 sure
321 4139 482 4227 dignitate
511 4138 552 4205 ab
581 4139 670 4205 omni
699 4138 849 4207 seorrlmis
877 4139 1002 4207 servicii
1030 4140 1219 4227 gravamine
1246 4137 1348 4205 libera
1372 4144 1503 4207 maneat
1526 4145 1560 4207 et
1583 4143 1702 4229 quieta.

235 4278 435 4364 Quacunque
449 4299 524 4343 vero
538 4275 737 4343 concessione
751 4275 950 4363 pontificum,
961 4276 1155 4344 liberalitate
1170 4275 1362 4364 principum,
1373 4276 1537 4345 oblacione
1546 4279 1703 4362 fidelium,

235 4416 288 4483 uel
309 4414 381 4481 aliis
402 4414 507 4482 modis
528 4414 570 4479 ad
592 4414 727 4481 eandem
749 4414 913 4509 ecclesiam
934 4413 1022 4501 juste
1048 4418 1083 4480 et
1108 4413 1258 4481 canonice
1282 4414 1442 4500 pertinere
1466 4420 1652 4497 noscuntur,
1674 4417 1706 4485 ei

238 4558 333 4621 firma
354 4552 563 4639 imposterum
585 4554 619 4617 et
639 4548 767 4638 integra
790 4554 1024 4617 conserventur.
1069 4550 1114 4617 In
1136 4549 1253 4637 quibus
1271 4550 1341 4619 hae
1363 4552 1501 4638 propriis
1522 4552 1709 4623 nominibm

231 4692 389 4759 duximus
403 4690 620 4777 exprimenda.
666 4688 879 4755 Lasuavms
894 4689 1014 4755 scilicet
1028 4712 1102 4757 cum
1115 4688 1275 4757 territmm
1292 4710 1360 4769 suo,
1375 4688 1539 4757 sedeciam
1559 4688 1707 4774 Earsos,
