4125 5359
1638 586 1702 652 125

278 890 494 961 Wluustsrus
518 890 650 957 olerieus
673 890 810 959 dimittit
834 894 938 959 totam
962 896 1082 960 terram
1105 914 1197 961 suam
1219 898 1258 961 et·
1277 916 1388 962 omnes
1411 894 1556 962 redditus
1578 918 1652 962 suos
1674 900 1743 963 tam

277 1028 501 1097 eouledastieos
515 1052 613 1116 quam
633 1029 730 1097 laioos
750 1028 786 1096 in
807 1052 909 1097 manu
928 1028 1054 1097 abbatis
1075 1034 1109 1097 et
1129 1029 1359 1099 monachorum
1378 1030 1527 1099 omnibus
1545 1030 1660 1099 diebus
1677 1032 1745 1099 vite
1785 1021 1788 1025 ’

277 1188 334 1235 sue
352 1166 490 1255 singuiis
508 1167 603 1233 anuis
621 1189 680 1253 pro
700 1168 772 1233 xxa
797 1168 916 1236 solidis.
960 1167 1016 1236 Ita
1035 1174 1146 1254 tamen
1164 1176 1204 1237 ut
1221 1170 1249 1237 si
1268 1170 1443 1258 aliquando
1461 1172 1623 1258 prediatus
1645 1170 1744 1239 abbas

276 1305 381 1372 teoere
402 1304 522 1395 poterit
544 1325 620 1391 ergo
645 1303 886 1372 Tuuosssouu
929 1303 1102 1373 warum
1125 1358 1133 1373 .
1156 1308 1243 1393 quod
1263 1307 1390 1395 pretato
1411 1308 1607 1377 Wrmasuo
1631 1310 1743 1376 elerieo

277 1444 365 1531 apud
377 1440 579 1509 Immumsu
594 1442 670 1509 dare
681 1442 761 1510 velit
773 1442 919 1509 redditus
932 1439 1058 1529 aliquos
1069 1493 1077 1508 .
1089 1466 1152 1530 que
1162 1444 1292 1511 valeant
1305 1446 1544 1532 prenominatos
1557 1468 1614 1511 xx.
1627 1446 1744 1512 solidos

278 1579 387 1647 abbati
405 1582 440 1646 et
459 1579 631 1646 oonrentui
651 1580 691 1647 de
711 1578 866 1646 Marem
889 1630 896 1644 .
918 1579 1020 1665 quieti
1041 1579 1256 1647 remanebunt
1278 1602 1335 1647 xx.
1356 1581 1450 1648 solidi
1473 1604 1553 1668 quos
1575 1582 1744 1648 annuatim

277 1718 354 1785 dare
378 1716 483 1783 solent
506 1714 664 1783 monaehi.
725 1714 822 1789 Quod
851 1715 878 1782 si
907 1714 1016 1783 miuus
1041 1715 1205 1783 valuerint
1228 1717 1375 1784 redditus
1398 1719 1486 1805 apud
1510 1717 1742 1785 mmmmm.

278 1853 427 1921 monaehi
446 1852 643 1922 Wmumsro
663 1854 751 1940 quod
769 1856 859 1921 deest
878 1850 1083 1940 supplebunt.
1129 1851 1166 1920 Si
1185 1858 1294 1920 autem
1313 1855 1388 1941 plus
1402 1855 1563 1922 valuerint
1578 1907 1585 1920 .
1601 1856 1747 1941 prefatus

278 1990 496 2061 Wmustuus
523 1990 688 2058 monacbis
715 1991 863 2057 restituet
891 1990 948 2076 qui
976 1989 1338 2077 superhabundaverint.
1397 1992 1445 2059 Et
1479 1997 1519 2059 ut
1553 1993 1637 2060 hane
1672 2015 1746 2059 oon·

278 2128 462 2195 restionem
475 2126 641 2195 monaehis
654 2128 842 2195 warantiset
858 2178 865 2193 .
881 2148 984 2195 unum
998 2127 1171 2195 runoinum
1185 2130 1307 2217 aeeepit
1320 2153 1361 2196 ex
1375 2131 1461 2220 douo
1475 2135 1508 2217 et
1519 2141 1611 2196 11110‘·
1626 2153 1749 2197 mareas

280 2270 313 2333 et
326 2264 495 2333 dimidiam
508 2264 695 2352 preaeoepit.
742 2263 871 2333 Soilioet
883 2264 1029 2332 redditus
1049 2266 1150 2333 trium
1169 2288 1327 2334 ennomm
1344 2320 1351 2333 .
1368 2271 1402 2335 et
1419 2268 1589 2336 dimidiam
1607 2291 1756 2353 maroam·

281 2402 364 2469 nrt⁸²
392 2402 479 2469 anni.
538 2400 690 2474 Quodsi
719 2402 806 2469 iutra
833 2400 892 2469 hos
921 2407 986 2469 tres
1014 2424 1117 2469 annos
1145 2404 1301 2491 aooeperit
1324 2406 1471 2472 redditus
1495 2427 1515 2471 a
1540 2404 1750 2472 umorum

280 2536 449 2609 wrmrm
474 2590 481 2605 .
504 2540 618 2606 reddet
640 2538 801 2626 prediotus
820 2537 1039 2608 Wtuuumrus
1062 2537 1172 2606 abbati
1191 2544 1225 2606 et
1243 2542 1416 2608 oonrentui
1435 2544 1476 2609 de
1495 2564 1528 2607 v.
1549 2543 1665 2609 mareis
1688 2563 1750 2628 que

280 2676 458 2765 preaoeepit
482 2680 642 2763 quantum
668 2676 883 2763 superaooepit
908 2676 944 2742 in
969 2675 1154 2743 Hmsaum
1179 2679 1355 2745 seeundum
1380 2682 1516 2765 tempus.
1577 2678 1751 2746 Soiendum

282 2836 357 2883 saue
386 2815 473 2900 quod
501 2813 578 2900 quia
606 2814 768 2901 prefaotus
797 2813 1014 2882 Wrutauuus
1048 2813 1193 2902 sigillum
1224 2820 1371 2883 nostrum
1399 2837 1466 2882 non
1494 2814 1610 2882 hebuit
1640 2867 1647 2880 .
1678 2837 1753 2902 pars

282 2951 462 3041 oirograpbi
476 2974 539 3038 que
553 2955 699 3018 remanet
712 2951 747 3017 in
761 2972 862 3018 manu
880 2951 1111 3019 monachorum
1127 3002 1135 3017 .
1159 2952 1258 3019 anulo
1277 2950 1440 3018 Huoorus
1457 2952 1498 3017 de
1517 2949 1751 3017 Huauroama

282 3090 409 3178 signata
438 3094 495 3157 est.
554 3088 669 3155 Altera
697 3110 772 3155 vero
801 3110 875 3175 pars
902 3138 909 3153 .
937 3088 1045 3175 sigillo
1074 3088 1185 3155 domui
1214 3087 1340 3155 abbatie
1368 3089 1409 3155 de
1438 3087 1604 3154 Mauors
1654 3086 1751 3155 Teste

282 3226 305 3296 J
306 3249 409 3294 aooao
427 3232 506 3295 tuno
524 3227 629 3313 priore
649 3228 689 3293 de
709 3224 865 3292 Meooarr
882 3274 889 3291 .
907 3224 1050 3291 Rosam
1064 3224 1238 3331 cellarario
1254 3274 1261 3289 .
1278 3222 1474 3291 Wrmumso
1488 3226 1529 3291 de
1543 3224 1752 3291 Bramme

282 3365 438 3432 monaeho
462 3415 469 3430 .
492 3362 652 3432 Jouosrro
680 3384 830 3431 converso
854 3412 861 3428 .
886 3361 1039 3429 Horrore
1063 3363 1104 3428 de
1129 3360 1362 3453 Haasrorora
1395 3361 1591 3430 Wrmusuo
1611 3361 1749 3429 Guam.

231 3516 238 3523 ’
282 3501 478 3572 Wmuuuo
501 3504 542 3571 de
565 3501 683 3569 Sanoto
706 3500 850 3567 memo
870 3505 928 3569 .et
946 3500 1059 3567 multis
1078 3500 1159 3566 aliis.
1205 3496 1279 3566 Heo
1298 3499 1466 3567 eonventio
1484 3498 1572 3566 faeta
1594 3504 1644 3565 est
1666 3520 1752 3567 anno

280 3639 678 3708 murmurabimus
695 3650 807 3705 extr-xm
820 3648 913 3704 rusb
937 3636 1020 3705 oiroa
1043 3636 1172 3704 ootabas
1194 3620 1410 3723 apostolorum
1436 3634 1545 3702 Parsr
1569 3640 1602 3702 et
1625 3635 1747 3703 Pauur.

283 3776 372 3845 Data
385 3780 473 3865 apud
486 3776 641 3845 Murem
657 3776 781 3843 hisdem
795 3773 939 3843 testibus.

327 3914 401 3983 Seal
414 3936 507 4003 gone.

327 4050 496 4119 Eudorsed
508 4051 544 4119 in
558 4051 685 4119 various
698 4051 846 4119 hands—

654 4188 778 4258 ‘Vaoat
793 4240 801 4255 .
816 4188 894 4275 quia
907 4188 1062 4254 innovata
1075 4189 1124 4252 est
1136 4184 1199 4252 ista
1212 4184 1401 4252 oonventio!

656 4324 774 4415 (Hugo
788 4324 953 4393 Hereford
967 4327 1038 4391 erat
1049 4320 1107 4390 A0·
1121 4322 1232 4409 1188).

654 4460 920 4552 ‘Oyrograpbum
933 4462 975 4530 de
988 4460 1119 4530 eoolesia
1132 4461 1174 4530 de
1186 4458 1381 4549 Imutgeuiff
