4125 5359
1589 552 1654 621 107

225 860 341 931 eclesia
353 864 475 930 nonde
489 863 604 931 9919919
615 861 710 932 Novi
725 860 890 931 01999999
906 868 955 933 set
967 865 1009 933 de
1022 863 1117 933 nobis
1132 864 1248 933 crisrna
1267 865 1389 953 recepit
1408 913 1420 941 .
1441 871 1476 935 et
1494 866 1532 935 in
1552 870 1697 954 tempere

225 1006 298 1068 tam
322 998 534 1091 G[surarn1]
560 1024 659 1089 quam
681 1000 856 1091 R[0onar]
882 1000 929 1069 ibi
953 1001 1201 1090 baptizabantur
1228 1002 1371 1071 infantes
1396 1008 1430 1073 et
1453 1002 1575 1072 mortni
1596 1002 1697 1092 sepei-

226 1136 386 1206 iebantur.
431 1136 558 1207 Velete.

280 1274 333 1323 The
353 1275 454 1337 vddng
476 1276 498 1323 is
521 1276 686 1337 oenadcnaily
707 1276 824 1336 illegible.
863 1274 965 1324 Wrenid
983 1276 1005 1323 is
1021 1275 1158 1337 Gronetn,
1172 1291 1188 1326 a
1203 1276 1270 1324 rural
1284 1277 1392 1337 deanery
1406 1278 1433 1325 in
1448 1276 1520 1326 West
1534 1276 1695 1338 Glnmergnn.

230 1356 325 1405 sturmi
334 1358 357 1405 in
366 1362 412 1407 not
422 1372 477 1407 now
487 1373 502 1406 a
514 1360 604 1420 pariata
641 1358 694 1407 The
704 1374 777 1408 name
791 1360 813 1407 is
827 1361 937 1409 retained
952 1360 977 1407 in
991 1360 1093 1422 stormy
1107 1360 1195 1423 nova,
1209 1362 1236 1408 in
1251 1362 1314 1423 Pyle
1329 1362 1419 1423 parish.
1449 1362 1504 1410 The
1518 1362 1607 1423 family
1621 1374 1694 1411 mnne

229 1454 316 1490 oeenrs
326 1441 352 1489 in
363 1456 437 1504 many
448 1448 517 1503 parts
529 1444 556 1491 ol
571 1442 693 1505 England,
703 1445 753 1491 and
762 1444 890 1505 evidently
899 1458 950 1492 vvas
961 1444 1036 1505 given
1046 1446 1080 1505 by
1091 1445 1160 1494 them
1170 1452 1197 1495 to
1206 1446 1258 1494 this
1267 1446 1332 1493 their
1342 1444 1494 1507 eunom
1504 1460 1598 1494 maner.

892 1666 1035 1735 DOXX.

229 1803 386 1873 TERMS
431 1804 491 1873 OF
534 1803 633 1872 THE
678 1802 993 1871 SETTLEMENT
1035 1803 1096 1871 OF
1138 1803 1173 1872 A
1213 1802 1419 1871 DISPUTIl
1459 1801 1700 1873 BETWEEN

337 1928 474 1997 NETH
502 1928 605 1997 AND
639 1926 861 2010 Maloeam
897 1926 1207 1997 OONOERNING
1241 1923 1375 1995 LAND
1410 1926 1473 1996 Au
1508 1926 1702 1995 sunem

340 2052 548 2121 GRANGE.

741 2086 742 2091 ¹
814 2138 986 2229 [Panormi
1002 2138 1118 2228 MSS]
1497 2141 1657 2207 1173-8.

829 2275 1103 2343 Omooaorrauu.

276 2400 498 2470 Controversia
513 2424 576 2489 que
589 2399 775 2489 agitabatirr
789 2401 875 2467 inter
889 2398 1054 2468 Abbatem
1068 2402 1109 2467 de
1123 2400 1229 2467 Nure
1244 2408 1278 2469 et
1290 2400 1455 2470 Abbatem
1470 2403 1511 2469 de
1525 2382 1680 2470 1119919
1694 2455 1719 2472 ..

232 2562 327 2628 super
340 2546 470 2607 centum
485 2562 573 2607 acras
586 2544 670 2606 terre
685 2540 772 2626 opud
786 2538 959 2627 grangiam
973 2540 1014 2605 de
1037 2536 1179 2605 8919999
1202 2590 1210 2604 .
1234 2562 1314 2627 quas
1327 2539 1477 2607 monachi
1492 2540 1533 2606 de
1548 2538 1704 2606 Manena

231 2677 444 2745 vendiderant
456 2676 622 2744 monachis
635 2677 676 2743 (19
693 2675 800 2744 Nava
823 2726 830 2741 .
854 2676 914 2743 hac
936 2680 985 2743 est
1005 2674 1168 2743 amicabili
1189 2677 1417 2764 compositione
1432 2676 1545 2763 sopita
1590 2674 1705 2745 Abbes

232 2816 272 2881 de
300 2814 455 2882 Menneu
492 2814 569 2902 quia
594 2837 661 2882 non
686 2819 792 2901 potest
816 2818 935 2881 terram
961 2813 1065 2900 ipsam
1091 2814 1255 2881 monachis
1280 2815 1321 2882 (19
1349 2814 1455 2881 Narra
1481 2813 1704 2902 grmrantinme

231 2956 393 3039 receptam
406 2952 595 3039 pecuniam.
612 2974 676 3018 xrs.
689 2950 839 3018 videlicet
852 2974 975 3051 marcae
989 2951 1118 3038 argenti
1132 2950 1210 3038 ipsis
1223 2951 1388 3018 monachis
1402 2950 1499 3019 debet
1511 2951 1678 3018 restituam
1694 3000 1703 3019 .

232 3094 266 3156 et
287 3090 328 3157 de
348 3089 407 3156 illa
428 3094 513 3157 terra
535 3089 750 3177 perquirenda
770 3094 809 3155 ut
830 3111 901 3155 eam
923 3088 1073 3155 monachi
1095 3089 1136 3154 de
1157 3086 1385 3155 1199911199
1408 3094 1441 3155 et
1466 3086 1585 3175 absque
1606 3111 1704 3156 censu

230 3228 414 3313 possideant
428 3250 461 3293 se
475 3225 571 3295 debet
584 3226 799 3294 intromittere
813 3230 847 3294 et
861 3226 888 3293 si
902 3226 962 3293 hoc
976 3225 1089 3295 iecerit
1112 3276 1120 3291 .
1142 3230 1181 3293 ut
1200 3248 1272 3293 eam
1288 3225 1388 3293 libere
1410 3231 1443 3292 et
1464 3225 1583 3312 absque
1604 3247 1702 3293 censu

230 3364 441 3451 possideant.
465 3370 543 3431 tunc
564 3363 713 3432 monachi
735 3365 775 3432 de
798 3363 903 3431 Navis
928 3413 935 3429 .
958 3384 1020 3429 xu.
1044 3363 1196 3450 predictis
1215 3364 1331 3430 marcis
1351 3363 1480 3451 argenti
1499 3323 1701 3449 jampredem

231 3502 400 3589 persolutis
424 3552 431 3567 .
460 3502 560 3567 vustt
583 3500 723 3569 adicient
750 3550 757 3566 .
785 3505 819 3566 et
843 3499 902 3567 has
927 3500 1024 3567 simrrl
1051 3550 1059 3565 .
1090 3522 1147 3565 xx.
1173 3522 1296 3567 marcae
1321 3499 1449 3588 argenti
1472 3498 1638 3566 monachis
1660 3499 1702 3566 dc

231 3636 386 3705 Muscas
416 3638 596 3705 restitnerit.
654 3637 752 3712 Quod
780 3637 807 3704 si
836 3637 935 3705 abbas
964 3638 1004 3704 de
1029 3636 1186 3704 1119991(
1211 3652 1277 3704 non
1302 3637 1415 3704 iecerit
1441 3686 1448 3701 .
1474 3640 1523 3704 set
1543 3658 1564 3703 a
1584 3636 1700 3703 comita

230 3772 464 3842 Gmnoeermn
479 3773 680 3843 excambium
695 3798 790 3843 suum
804 3776 993 3863 adquisierit
1014 3826 1021 3842 .
1042 3752 1130 3843 idem
1144 3772 1346 3843 excambium
1359 3775 1395 3840 in
1409 3797 1487 3861 pace
1500 3772 1675 3860 possidebit
1690 3823 1698 3839 .

230 3916 265 3979 et
293 3934 367 3978 cum
396 3934 459 3977 mc.
490 3912 605 3979 marcis
633 3914 761 4000 argenti
788 3912 859 4002 jem
884 3913 1054 4001 persolutis
1078 3914 1184 3981 adhuc
1208 3963 1216 3979 .
1243 3924 1318 3978 v‘1¹¹··
1345 3911 1511 3980 monachis
1531 3913 1573 3979 de
1593 3910 1700 3979 Narra

229 4048 398 4136 persolvet.
438 4047 512 4115 Heo
531 4050 718 4138 compositio
731 4050 819 4118 iacta
837 4056 885 4118 est
904 4052 940 4119 in
964 4051 1125 4138 presentia
1145 4050 1257 4119 domni
1280 4049 1404 4117 ,199913Ι
1430 4048 1557 4119 abbatis
1575 4048 1699 4116 Serre·

230 4206 365 4253 muers
383 4192 415 4253 et
435 4184 547 4254 domni
566 4185 737 4256 Wnnrnnr
755 4185 881 4255 abbatis
895 4186 1135 4254 consanum
1151 4238 1159 4253 .
1174 4188 1260 4255 inter
1279 4186 1429 4256 abbatem
1442 4189 1483 4256 de
1497 4185 1653 4254 Manem
1667 4189 1702 4253 et

227 4320 380 4389 abbatem
395 4324 436 4390 (19
450 4322 555 4390 Nava
569 4345 727 4391 concensu
741 4328 916 4392 conventus
931 4326 1099 4412 utriusque
1114 4327 1155 4392 (19
1168 4324 1275 4391 Naris
1289 4327 1378 4393 etde
1393 4325 1558 4392 1199919.

276 4456 381 4525 'lbere
395 4458 477 4525 have
491 4455 573 4527 been
588 4464 652 4526 two
667 4460 758 4541 seais,
773 4459 809 4528 oi
829 4460 935 4527 which
950 4460 1028 4547 only
1042 4460 1099 4528 the
1113 4459 1214 4528 labels
1226 4460 1360 4528 9999919.

275 4558 497 4663 1199191991-ί
507 4593 559 4662 De
574 4600 704 4663 eentum
718 4596 800 4665 99919
814 4598 854 4665 (19
869 4597 996 4681 Sirena,
1012 4598 1153 4666 venditis
1166 4597 1332 4666 monachis
1344 4599 1386 4665 de
1400 4595 1514 4664 Neha’

378 4732 416 4792 (1)
437 4730 561 4793 Jcslenus,
571 4732 657 4781 Abbot
667 4734 695 4780 oi
709 4734 829 4795 Sevigny‚
839 4748 883 4783 oen
896 4736 961 4797 117⁸,
974 4736 1039 4797 1118,
1049 4737 1075 4783 in
1089 4734 1169 4784 Gallie
1180 4734 1327 4796 0191911999,
1337 4741 1396 4784 tom.
1407 4732 1462 4794 XL,
1473 4748 1496 4794 p.
1507 4732 1559 4781 617.
