4125 5359
1041 829 1270 901 Ducxvm.

419 963 582 1034 GRANT
617 965 678 1034 OF
710 966 950 1050 ENNIAUN,
979 967 1070 1037 SON
1100 968 1160 1036 OF
1190 967 1341 1049 RIRID,
1370 966 1429 1034 ΤΟ
1459 964 1679 1048 ΜΑΒΘΑΜ,
1708 965 1770 1034 OF
1804 966 1884 1035 HIS

525 1089 712 1159 MOIETY
746 1091 806 1159 OF
839 1090 1175 1161 KETHEREOH'S
1211 1092 1346 1161 LAND
1382 1091 1438 1159 IN
1474 1089 1575 1158 THE
1612 1090 1885 1159 'PERRITORY

526 1215 586 1284 OF
614 1214 917 1287 NEWGASTLE.

1003 1303 1176 1393 [Parmos
1189 1302 1305 1393 MSS]

460 1437 619 1507 Omnibus
634 1439 750 1507 Sanote
764 1464 792 1508 e.
807 1441 831 1508 f.
848 1464 877 1509 a
893 1463 925 1528 q.
940 1464 972 1528 p.
990 1464 1013 1508 s.
1029 1442 1212 1529 pervenerit
1224 1441 1393 1508 Eurusuu
1407 1440 1494 1509 filius
1508 1439 1617 1506 Rnun
1631 1440 1776 1507 sulutem.

458 1574 574 1643 Soiatis
595 1599 648 1643 me
669 1576 855 1644 oonoessisse
877 1582 910 1645 et
931 1580 1003 1645 ded.
1027 1582 1061 1645 et
1081 1578 1114 1645 h.
1138 1601 1165 1645 o.
1188 1578 1273 1646 oonf.
1296 1602 1323 1645 e.
1347 1583 1380 1645 et
1401 1600 1429 1645 e.
1448 1575 1482 1643 S.
1503 1576 1552 1643 M.
1568 1578 1609 1644 de
1627 1576 1675 1643 M.
1692 1581 1726 1643 et
1741 1599 1786 1643 m.
1801 1577 1823 1643 i.
1838 1575 1880 1644 D.

414 1712 625 1781 servientibus
646 1714 682 1781 in
703 1738 818 1801 puram
840 1720 874 1783 et
893 1720 1083 1803 perpetuam
1104 1715 1311 1783 elemosinam
1330 1766 1337 1781 .
1353 1714 1489 1781 liberam
1510 1719 1543 1781 et
1565 1714 1708 1801 quietam
1730 1714 1772 1781 ab
1794 1714 1880 1782 omni

414 1850 545 1919 sorvioio
561 1902 568 1916 .
586 1851 815 1919 eonsuetudino
837 1856 870 1919 et
891 1854 1058 1921 exactione
1078 1904 1086 1919 .
1105 1853 1188 1921 siout
1209 1854 1277 1921 ulla
1299 1852 1473 1920 elemosina
1493 1850 1626 1919 liberius
1646 1851 1758 1919 haberi
1779 1855 1881 1939 potest

412 1988 650 2077 imperpetuum
679 1990 877 2058 oouoessioue
906 1991 1074 2058 Mouuuur
1103 1992 1165 2057 filii
1193 1990 1342 2058 Caunum
1371 1994 1405 2057 et
1432 1994 1605 2077 parentum
1641 1994 1674 2057 et
1707 1989 1880 2057 amisorum

413 2148 559 2193 meorum
574 2128 780 2194 medietatem
794 2132 878 2195 terre
893 2152 955 2216 que
970 2128 1036 2195 fuit
1050 2126 1269 2195 Mnaseus
1283 2127 1319 2194 in
1332 2127 1493 2194 territorio
1507 2127 1549 2193 de
1566 2126 1667 2194 Novo
1686 2125 1856 2193 Casrsuuo
1871 2178 1878 2191 .

412 2284 475 2351 que
489 2286 541 2331 mo
556 2288 597 2331 ex
610 2265 788 2333 hereditate
802 2266 962 2355 oontiugit
979 2319 987 2333 .
1004 2290 1103 2354 quam
1120 2266 1221 2334 habui
1242 2289 1284 2333 ex
1305 2268 1390 2334 dono
1411 2266 1548 2353 pmdioti
1568 2265 1737 2331 Moesum
1759 2265 1880 2332 domini

410 2404 484 2471 mei.
530 2402 577 2471 Et
594 2426 655 2491 ego
670 2404 848 2472 etheredus
865 2405 929 2472 mei
944 2405 989 2472 eis
1004 2406 1181 2493 predictam
1201 2410 1320 2471 terram
1340 2403 1619 2471 warantizabimus
1640 2408 1750 2469 oontru
1772 2425 1879 2469 omnes

409 2540 556 2608 homines
575 2541 821 2628 imperpetuum.
868 2542 965 2615 Quod
980 2544 1007 2609 si
1020 2544 1105 2610 forte
1124 2542 1332 2609 wmuntiaare
1351 2542 1397 2608 eis
1416 2564 1483 2608 non
1502 2540 1678 2628 poterimus
1697 2542 1738 2606 de
1757 2540 1879 2626 reliquo
2017 2533 2018 2540 '

409 2680 594 2745 tenemento
607 2682 716 2745 nostro
731 2678 777 2745 eis
790 2680 980 2766 respondere
995 2682 1144 2746 tenemur
1158 2680 1201 2745 ad
1214 2677 1392 2745 valenoiam
1409 2677 1480 2744 .ita
1497 2681 1535 2742 ut
1554 2676 1719 2743 monaehis
1735 2676 1876 2742 satisfiat

409 2814 457 2882 Et
470 2820 509 2881 ut
523 2814 581 2883 heo
599 2816 731 2882 donatio
750 2821 860 2883 nostru
879 2822 950 2883 ruta
972 2822 1005 2883 et
1025 2815 1221 2884 inviolabilis
1241 2820 1421 2903 perseveret
1437 2865 1444 2880 .
1459 2815 1644 2902 juramento
1665 2818 1700 2879 et
1720 2812 1826 2900 sigilio
1844 2818 1879 2878 et

408 2952 544 3021 testibus
563 2976 635 3021 eam
654 2954 920 3021 oonfirmavimus.
966 2953 1045 3021 Hiis
1066 2953 1225 3021 testibus.
1241 2952 1332 3019 Ruso
1353 2951 1452 3019 0011.
1469 2950 1612 3017 Roseae
1634 2952 1701 3017 filio
1720 2950 1875 3019 Wrsuu.

406 3088 623 3157 Kuuuwamc
637 3091 736 3157 fratre
752 3090 823 3179 ejus
840 3142 846 3156 .
863 3091 973 3158 Esrus
987 3091 1055 3159 filio
1071 3092 1265 3158 Grsrsnuan
1282 3142 1289 3156 .
1308 3090 1463 3158 chuaoo
1477 3090 1509 3157 le
1524 3088 1677 3157 Wsuurs.

452 3228 674 3296 Endorsed—‘
686 3228 783 3295 Carta
798 3228 961 3295 Enniawn
980 3229 1040 3295 filii
1061 3229 1158 3295 Rin‘d
1175 3230 1215 3296 de
1233 3229 1404 3296 medietate
1424 3232 1508 3295 terre
1528 3249 1591 3313 que
1610 3226 1676 3293 iuit
1694 3224 1876 3293 Ketbereo.

407 3365 443 3432 in
458 3365 619 3433 territorio
633 3366 722 3432 Novi
738 3364 891 3433 cassem?

458 3502 519 3549 This
535 3508 609 3562 grant
625 3516 675 3549 was
691 3503 805 3550 included
821 3504 847 3549 iu
864 3504 906 3551 the
922 3504 1095 3551 confirmation
1111 3504 1145 3565 by
1161 3504 1203 3551 the
1219 3504 1304 3551 Abbot
1320 3504 1347 3550 ot
1362 3502 1475 3562 Margum
1490 3502 1516 3548 in
1535 3500 1598 3559 1207,
1610 3500 1659 3545 aad
1674 3499 1707 3559 by
1724 3498 1828 3558 Murgan
1841 3496 1873 3543 ab

409 3584 526 3634 Oaradoo.
556 3586 671 3634 Enniana
688 3602 716 3633 or
731 3588 820 3648 Enyou
836 3588 868 3635 ab
884 3588 954 3635 Birid
970 3587 1068 3635 Briarei
1084 3602 1135 3635 was
1150 3603 1165 3635 e
1179 3588 1245 3646 ioint
1261 3588 1314 3635 heir
1329 3588 1391 3634 with
1407 3586 1456 3634 aes
1472 3585 1525 3634 Coh
1540 3586 1567 3632 of
1581 3582 1624 3632 the
1636 3582 1732 3630 luudof
1747 3582 1874 3640 Kethersc,

409 3670 509 3719 brothor
519 3672 546 3719 of
562 3670 670 3718 Caradoe
681 3672 728 3731 Du,
739 3673 764 3719 iu
776 3673 818 3719 the
829 3672 946 3733 territory
957 3674 983 3719 of
999 3672 1145 3720 Newcastle.
1176 3672 1245 3731 (VoL
1256 3672 1285 3733 1„
1297 3674 1346 3733 bd).

1045 3858 1236 3927 DOOXIX.

427 3993 590 4064 GRANT
619 3994 686 4062 BY
715 3994 918 4075 ENIAUN‚
949 3994 1039 4063 SON
1068 3994 1129 4062 OF
1157 3994 1347 4064 WRUNU
1375 3993 1524 4075 OHAM,
1554 3991 1614 4060 ΤΟ
1645 3989 1855 4059 MARGAM

571 4118 632 4187 OF
661 4120 794 4188 LAND
829 4120 1069 4189 BETWEEN
1098 4120 1275 4189 GARWE
1303 4118 1406 4187 AND
1436 4116 1712 4186 UGGEMORE.

933 4256 1066 4346 [Haud.
1083 4256 1146 4324 011.
1164 4259 1206 4322 75
1222 4256 1265 4323 D.
1282 4256 1353 4345 20.]

448 4394 607 4463 Omnibus
633 4394 750 4462 Sancte
773 4394 886 4461 matris
909 4394 1038 4461 eoolesie
1064 4394 1139 4461 filiis
1162 4392 1362 4481 presentibus
1391 4397 1424 4460 et
1452 4391 1573 4459 futuris
1598 4389 1769 4457 uumws’
1791 4389 1876 4456 filius

403 4530 594 4602 Wauuuon
610 4530 714 4597 Onia
731 4532 876 4597 salutem.

445 4668 561 4737 Soiatis
584 4692 637 4737 me
659 4668 846 4737 conoessisse
868 4672 902 4736 et
928 4668 1053 4735 dedisse
1078 4718 1086 4734 .
1114 4674 1148 4735 et
1170 4669 1232 4735 hao
1258 4674 1345 4735 oarta
1368 4666 1570 4735 oonfimasse
1594 4662 1667 4731 Deo
1690 4668 1725 4731 et
1749 4662 1878 4731 eoalesie
