4125 5359
838 870 1065 940 DOOLXHI.

219 1059 383 1134 GRANT
410 1061 479 1132 BY
506 1061 646 1144 JOHN,
675 1060 776 1131 sffls
801 1061 960 1130 OLERE
986 1060 1048 1128 ΟΡ
1069 1055 1357 1140 BONEVILLE,
1383 1055 1442 1124 ΤΟ
1465 1055 1688 1136 musnet,

351 1199 412 1269 ΟΕ
438 1199 475 1270 Α
503 1199 659 1268 THIRD
688 1198 815 1268 PAR'P
843 1198 905 1268 OF
933 1197 1017 1267 ms
1045 1195 1180 1266 LAND
1210 1195 1268 1264 IN
1296 1193 1551 1264 BONVILLE.

801 1363 971 1450 [pesnas
991 1361 1105 1448 uss]

265 1526 424 1596 Omnibus
447 1527 565 1596 denote
585 1551 614 1596 e.
644 1528 667 1595 i
694 1551 723 1595 n
745 1550 777 1614 q.
799 1549 832 1614 p.
858 1549 883 1594 s
909 1524 1092 1613 pervenerit
1124 1523 1309 1593 Jonsrsnrs
1343 1524 1474 1592 olerieus
1502 1524 1544 1591 de
1572 1521 1689 1588 Born-

220 1686 326 1732 vrnse
350 1665 497 1750 sulutem
541 1665 670 1734 Notum
691 1665 776 1733 feeio
800 1663 1004 1732 universitati
1027 1666 1133 1730 vestre
1153 1684 1207 1730 me
1231 1663 1418 1731 eoneessisse
1445 1712 1453 1727 .
1480 1665 1514 1728 et
1538 1661 1685 1728 dedisse.

221 1800 294 1870 Deo
308 1806 342 1869 ei
354 1802 520 1870 mombis
540 1804 582 1870 de
602 1801 759 1870 Menses
782 1852 790 1869 .
812 1801 946 1868 temium
966 1803 1093 1888 purtem
1115 1803 1199 1867 tem
1221 1822 1292 1868 mee
1315 1799 1351 1867 in
1374 1798 1577 1868 Bounvrnns
1600 1849 1608 1866 .
1631 1821 1691 1886 pro

222 1939 332 2007 enimn
344 1962 418 2008 mes
430 1911 468 2008 ei
478 1945 713 2008 unteoeseorum
725 1942 760 2006 et
773 1959 987 2007 suueeesorum
1000 1959 1146 2004 meorum
1169 1987 1177 2004 .
1197 1937 1234 2004 in
1248 1937 1455 2005 elemosinam
1468 1944 1540 2026 posi
1555 1943 1692 2005 mortem

223 2099 338 2144 meum
383 2075 439 2144 Iu
452 2079 540 2163 qnod
561 2099 660 2163 quum
681 2076 739 2144 diu
760 2075 873 2142 vixero
894 2073 1019 2142 fruetus
1040 2095 1247 2162 quoscunque
1269 2079 1380 2162 potero
1405 2076 1482 2144 inde
1506 2075 1689 2164 percipiam.

223 2211 272 2280 Es
285 2219 358 2301 post
370 2218 508 2283 mortem
518 2236 625 2282 meam
634 2215 779 2302 prodictu
792 2219 878 2282 terre
892 2215 1013 2282 eisdem
1026 2213 1192 2282 monachis
1205 2215 1288 2283 siout
1301 2237 1384 2302 pure
1397 2214 1570 2284 elemosine
1584 2193 1696 2303 quiem

223 2351 412 2421 remanebit.
458 2352 698 2423 Humum
1713 2335 1720 2350 '

269 2513 473 2582 Eruenda
482 2513 581 2582 Ourtu
600 2514 624 2583 J
624 2513 762 2582 ohannis
778 2515 820 2584 de
833 2513 1008 2582 Bonsvills
1020 2514 1063 2583 de
1076 2519 1162 2584 terre
1175 2517 1264 2603 epud
1277 2515 1450 2584 Bonevill!

854 2902 1074 2974 DOGLXIV.

253 3071 416 3140 GRAN'I'
444 3071 514 3140 ΒΥ
540 3071 670 3142 JOHN
698 3073 764 3141 DE
793 3073 1039 3143 BONVILLE
1068 3075 1127 3144 ΤΟ
1157 3076 1369 3147 MARGAM
1400 3079 1461 3149 OF
1491 3081 1679 3154 TEIR'PY

533 3208 686 3279 AOBES
714 3211 770 3280 IN
799 3210 900 3278 ’ῙΉΕ
928 3211 1023 3280 Pleu
1052 3211 1113 3281 ΟΡ
1141 3213 1395 3286 BONVIILE.

815 3373 986 3459 [Puunrers
1006 3374 1120 3463 Mes]

277 3533 436 3602 Ommisus
449 3534 567 3603 Senem
580 3558 609 3603 e.
624 3535 649 3602 f.
664 3558 697 3623 p.
712 3539 748 3603 ei
760 3535 881 3603 futuris
893 3534 917 3603 J
917 3557 1077 3604 ossuum
1091 3539 1132 3606 de
1146 3537 1350 3608 Bouuvrsns
1365 3542 1509 3613 sulutem.

277 3695 394 3766 Sciatis
412 3719 466 3765 me
484 3722 512 3766 e.
528 3704 562 3767 et
575 3700 608 3766 d.
624 3703 659 3768 et
675 3698 708 3766 h.
723 3722 751 3766 e.
766 3722 839 3767 mee
855 3700 941 3768 ueni.
956 3699 1001 3768 D.
1016 3705 1051 3769 ei
1065 3723 1093 3770 e.
1108 3700 1142 3769 S.
1158 3702 1206 3770 Μ
1222 3706 1263 3772 de
1280 3705 1329 3774 M.
1345 3711 1379 3774 ei
1394 3731 1438 3776 m.
1454 3708 1476 3776 i.
1489 3708 1533 3776 D.
1549 3713 1703 3781 servient·

234 3833 308 3902 ibus
321 3855 403 3902 m.
418 3857 508 3904 emus
520 3840 605 3904 terre
623 3837 754 3909 erabilis
772 3839 809 3907 in
827 3838 927 3908 feudo
945 3863 1018 3908 meo
1038 3842 1079 3909 de
1098 3839 1301 3912 Bouuvrnm
1322 3895 1330 3913 .
1346 3847 1477 3916 eonsffio
1497 3853 1531 3918 ei
1549 3873 1705 3922 eonsensu

235 3972 386 4061 eonjugis
398 3995 470 4042 mee
485 4023 494 4040 .
509 3974 713 4042 etheredum
725 3997 871 4045 meorum
884 3981 924 4044 ut
936 3976 1079 4046 hubeent
1092 3982 1126 4046 et
1139 3985 1273 4049 teneant
1290 3984 1450 4070 predictas
1466 4009 1546 4054 xxx.
1563 4011 1652 4060 eures
1669 3994 1704 4061 in

234 4131 351 4197 purum
365 4113 398 4178 et
414 4115 604 4198 perpetuum
621 4113 827 4181 elemosinam
843 4113 979 4182 hierem
995 4119 1030 4184 et
1046 4115 1190 4202 quietum
1207 4167 1215 4184 .
1231 4117 1273 4186 eb
1291 4120 1380 4188 omni
1397 4123 1526 4192 serviiu'o
1545 4129 1680 4196 seeulmi
1696 4181 1703 4198 .

236 4247 467 4314 consuetudine
483 4298 491 4314 .
506 4252 541 4316 et
554 4249 720 4319 exustione
734 4301 743 4319 .
759 4251 842 4320 sieut
855 4252 924 4320 ulls
937 4253 1111 4320 demeum
1124 4252 1256 4322 liberius
1270 4257 1373 4325 teneri
1387 4265 1493 4346 potest
1508 4313 1515 4328 .
1532 4285 1589 4350 per
1603 4271 1706 4335 metes

237 4388 272 4452 et
294 4384 413 4452 divisus
431 4407 495 4472 que
513 4385 597 4454 eirea
614 4386 719 4474 ipsum
737 4391 857 4456 terrum
876 4394 954 4457 suni
972 4389 1042 4456 site.
1087 4388 1135 4457 Et
1156 4389 1217 4460 hoe
1239 4395 1346 4461 totum
1364 4398 1643 4471 warantizabimus
1662 4405 1709 4473 eis

238 4542 300 4610 ego
314 4521 838 4612 etheredesmsiinperpetuum.
883 4523 1120 4594 Hiistestibue

283 4682 487 4754 Eanum*
497 4684 595 4754 Ourte
608 4685 757 4775 ejusdem
769 4688 811 4755 de
824 4707 906 4754 m.
921 4708 1011 4756 serus
1023 4688 1130 4756 terre!
