4125 5359
380 610 422 676 66

185 874 187 881 i
336 922 517 1007 obediretis,
540 924 588 992 ito
610 928 644 993 et
666 947 725 994 nos
747 948 876 1015 qaoque
896 926 988 995 robis
1009 930 1202 996 mandamus
1220 932 1260 996 ut
1278 928 1310 997 ei
1328 932 1486 1019 tanquam
1504 933 1591 1021 petri
1607 938 1641 1002 et
1660 934 1807 1024 episeopo

336 1065 442 1131 vestro
456 1062 673 1131 obedientiam
687 1066 721 1131 et
734 1064 948 1133 reverentiam
961 1064 1129 1134 humiliter
1142 1065 1304 1134 deieratis

221 1198 234 1203 υ
379 1226 506 1295 Datum
520 1229 608 1316 opud
621 1226 829 1295 Parmomu
844 1250 876 1296 v.
893 1227 1035 1296 Kalend.
1051 1227 1174 1296 Martii.

860 1390 958 1478 (Reos
972 1389 1044 1459 LL
1060 1412 1114 1479 pp.
1130 1392 1184 1474 53,
1199 1392 1289 1478 597.)

971 1706 1173 1779 DLXXI'V.
1234 1784 1237 1790 ,

454 1868 574 1939 ΡΟΡΕ
603 1868 850 1940 INNOGENT
879 1872 930 1940 Π.
961 1872 1020 1941 ΤΟ
1050 1870 1226 1940 HENRY
1254 1870 1285 1939 Ι.
1315 1870 1372 1941 IN
1400 1870 1599 1942 FAVOUR
1628 1873 1689 1942 01⁴¹

681 2006 863 2091 URBAN,
893 2007 1069 2078 BISHOP
1098 2008 1159 2077 01⁴¹
1186 2007 1457 2078 LLANDAFF.

705 2170 855 2261 [Gomon
869 2171 966 2241 Mes.
1011 2172 1200 2242 meoros
1215 2171 1299 2241 QX„
1314 2173 1339 2240 f.
1355 2172 1428 2263 35.]
1487 2172 1529 2241 12
1544 2172 1647 2259 Aoo„
1664 2176 1759 2244 1130.

373 2332 605 2401 Iaaoonarrus
631 2333 796 2421 episeopus
825 2356 933 2402 servus
961 2358 1127 2405 serrorum
1151 2336 1225 2405 Dei.
1284 2335 1467 2406 Karieoimo
1501 2336 1538 2404 in
1572 2337 1701 2407 Obristo
1734 2339 1802 2407 tilio

329 2470 493 2541 Hrumoo
506 2472 626 2539 illustri
639 2448 839 2540 Anonoaon
855 2472 941 2563 Regi
955 2474 1094 2542 sulutem
1107 2478 1143 2543 et
1155 2474 1363 2563 apootolioam
1376 2472 1643 2543 benedictionem

373 2636 493 2705 Honor
505 2635 571 2703 Dei
585 2640 634 2703 ost
648 2640 681 2703 et
696 2636 782 2703 enlm
796 2636 908 2725 populi
922 2636 950 2703 si
963 2636 1124 2725 principes
1143 2636 1260 2725 quibus
1279 2640 1357 2705 sunt
1375 2636 1452 2725 jura
1470 2638 1565 2727 regni
1584 2660 1605 2706 a
1623 2638 1696 2707 Deo
1715 2660 1800 2707 oom-

328 2773 436 2856 misso,
451 2774 597 2841 eoolesias
616 2773 757 2863 diligant
769 2776 802 2840 et
816 2772 858 2841 ab
871 2773 1003 2862 injuriis
1022 2774 1248 2843 eoolesiastioas
1266 2796 1419 2862 personne
1438 2774 1625 2844 defendant.
1671 2774 1799 2844 Nobili·

327 2878 561 3001 affligitur
587 2915 681 2980 tuam
709 2932 862 2999 rogemus
889 2915 923 2979 et
952 2910 1161 2979 exhortemur
1184 2911 1221 2978 in
1245 2910 1377 2981 domino
1402 2912 1557 2999 quatinus
1582 2911 1799 2981 venerabilem

328 3050 464 3119 tratrem
485 3053 632 3117 nostr-um
655 3048 837 3116 Uarrum
860 3048 1124 3116 hrorrnrsmr
1144 3048 1327 3139 episeopum
1346 3053 1559 3119 manuteneas
1577 3072 1638 3119 neo
1658 3050 1722 3139 ipsi
1739 3071 1800 3119 neo

327 3188 457 3257 eoelesie
471 3188 533 3257 sibi
547 3189 713 3257 oommisse
728 3188 882 3275 injuriam
896 3193 954 3257 eut
967 3210 1143 3277 gravamen
1156 3188 1271 3257 inferri
1284 3187 1464 3277 permittas.

371 3348 497 3419 Datum
511 3350 535 3419 J
536 3372 630 3418 unua
645 3373 685 3418 υ.
702 3350 776 3419 idus
789 3350 944 3439 Augusti.

370 3512 523 3582 Another
536 3536 618 3601 oopy
632 3518 668 3581 at
683 3512 738 3582 iob
756 3514 799 3579 36
813 3512 850 3580 oi
869 3512 926 3580 tho
941 3534 1038 3580 same.

843 3675 941 3763 (aas
955 3674 1040 3744 nn.
1055 3697 1110 3764 pp.
1126 3675 1179 3757 55,
1195 3675 1284 3761 599.)

974 3988 1155 4059 DLXXV.

361 4151 494 4221 BULL
523 4152 583 4220 OF
612 4151 732 4221 POPE
762 4150 1009 4219 INNOOFM
1038 4149 1088 4219 H.
1119 4149 1178 4218 ΤΟ
1208 4148 1441 4231 WHMAM,
1470 4146 1759 4218 AROHBISHP.

478 4288 538 4358 OF
568 4287 906 4372 OANTERBURY,
936 4287 1234 4358 RESPEUI'ING
1260 4287 1437 4357 BIsHOP
1465 4285 1647 4356 URBAN.

697 4450 846 4541 [Gomon
862 4451 959 4521 Mos,
1003 4452 1194 4522 Vmumos
1208 4450 1292 4520 ΟΧ.
1308 4452 1331 4519 i.
1347 4450 1420 4541 35]
1480 4452 1521 4518 12
1535 4448 1639 4533 Aoo„
1656 4450 1751 4517 1130.

366 4614 599 4685 Ianoonrrrrus
621 4620 680 4683 eto.
702 4620 762 4683 eto.
786 4615 860 4696 Dei,
883 4614 1059 4683 venerabili
1080 4614 1176 4682 irotri
1199 4614 1256 4685 W.
1279 4614 1539 4685 emmau
1561 4614 1797 4703 arehiepisoopo

322 4755 461 4827 salutm
476 4761 510 4823 et
524 4754 732 4844 apostolicam
744 4752 1011 4823 benedictionem.
1120 4860 1127 4866 ῃ
