4125 5359
1609 612 1654 679 96

226 930 348 995 terrum
361 948 424 1013 que
434 928 483 993 est
496 924 582 993 inter
595 924 751 993 Ausees
766 928 799 993 et
812 922 1005 993 Oununsne
1021 975 1029 992 .
1045 948 1067 993 s
1080 926 1154 994 silio
1166 926 1329 995 montium
1347 948 1449 1014 usque
1462 926 1498 993 in
1511 948 1601 1003 mute
1614 926 1698 995 sieut

163 1075 167 1082 ’
227 1063 380 1152 prediebe
390 1084 483 1149 eque
493 1062 692 1129 deseendunt
701 1062 743 1129 de
753 1060 918 1130 montibus
927 1067 961 1130 et
970 1063 1147 1151 pieesturss
1155 1063 1292 1132 Avens.
1312 1062 1697 1133 Etexdononunuur

228 1200 355 1269 eomitie
369 1198 601 1267 Gnosessrrun
616 1199 676 1267 filii
691 1197 763 1287 ejus
776 1203 883 1267 tetum
896 1198 1035 1267 werreeh
1049 1202 1138 1288 quod
1151 1224 1248 1289 super
1262 1205 1382 1269 terrum
1395 1200 1487 1269 illem
1501 1200 1626 1269 venerit
1641 1251 1649 1267 .
1665 1205 1699 1269 et

228 1338 423 1427 piscaturam
451 1335 642 1403 Ouesnrnu
674 1388 681 1402 .
713 1340 746 1403 et
775 1358 816 1403 ex
843 1336 929 1403 dono
956 1334 1092 1403 Roeum
1117 1338 1160 1405 de
1184 1336 1445 1404 munimen
1471 1388 1479 1403 .
1506 1337 1700 1404 eoneedente

229 1474 426 1545 Wmuunuo
440 1473 597 1541 mense
616 1525 623 1541 .
647 1474 819 1561 grangiam
833 1472 1005 1541 Lenesuu
1022 1524 1030 1541 .
1046 1474 1105 1542 hes
1119 1473 1228 1543 omniu
1241 1497 1339 1561 supra
1354 1474 1523 1542 nominate
1541 1477 1612 1541 rste
1631 1495 1700 1541 esse

229 1618 264 1682 et
284 1613 378 1681 firme
397 1611 434 1679 in
454 1616 646 1699 perpetuum
660 1616 694 1678 et
712 1612 760 1679 ite
779 1610 879 1680 libere
898 1616 932 1678 et
953 1612 1062 1699 quiete
1082 1611 1275 1699 possidentis
1294 1612 1379 1679 sieut
1398 1615 1485 1679 eurte
1505 1612 1699 1679 donatorum

230 1774 362 1821 suorum
376 1754 538 1818 testantur
551 1750 742 1837 supradietis
755 1751 920 1819 monaehis
934 1757 1045 1819 senete
1059 1756 1093 1820 et
1106 1750 1285 1818 utillibete
1297 1753 1508 1837 permaneant
1521 1748 1621 1838 sigilli
1634 1748 1701 1816 mei

230 1888 436 1958 attestatione
446 1887 609 1977 eoneigno.
633 1886 783 1957 Testibue
795 1938 802 1955 .
815 1889 1032 1957 Bersumno
1044 1888 1155 1957 Priore
1166 1891 1207 1956 de
1217 1888 1344 1955 Ewnm
1357 1938 1365 1954 .
1377 1886 1512 1955 Pereo.
1525 1886 1698 1954 Hueonu.

230 2026 360 2095 Anum
373 2076 380 2092 .
391 2024 539 2091 Euwreo
558 2024 722 2093 mensotis
742 2024 974 2123 Qnoscuerern
991 2076 998 2093 .
1016 2024 1244 2093 Hsnuweuno
1263 2030 1297 2093 et
1317 2022 1513 2093 Wruuuuuo
1532 2022 1703 2090 Osnonieie

228 2162 415 2231 Lersusvre
432 2212 439 2227 .
456 2158 652 2229 Wmueumo
665 2160 840 2250 Oepellsno
854 2164 895 2231 de
910 2162 1038 2230 emm
1055 2214 1063 2230 .
1079 2161 1187 2231 Anus
1201 2162 1269 2229 filio
1283 2160 1454 2231 Weurusr
1473 2211 1481 2227 .
1503 2159 1646 2227 Bouseo
1659 2160 1701 2227 de

232 2298 333 2367 Boee
358 2320 463 2365 vtnne
490 2348 497 2365 .
526 2296 681 2366 cheeno
706 2301 747 2367 de
772 2299 899 2367 eum
928 2351 935 2367 .
963 2299 1092 2367 Tuom
1117 2301 1158 2368 de
1183 2298 1403 2367 Lennurrmu
1430 2350 1438 2366 .
1463 2296 1640 2365 Auweuuo
1663 2297 1705 2365 de

233 2434 412 2503 Preme.

277 2583 352 2653 seul
365 2586 423 2653 red
437 2608 519 2667 wer,
534 2586 668 2673 pointed
682 2586 765 2667 orel,
781 2585 868 2673 tibin.
885 2586 931 2673 by
945 2586 1012 2655 2in.
1058 2584 1129 2654 The
1146 2586 1271 2673 Biehop
1284 2584 1314 2652 is
1327 2584 1531 2672 represented
1550 2583 1705 2672 ending

234 2721 400 2804 iurllieeed,
415 2722 506 2810 right
518 2722 608 2791 hsnd
621 2722 727 2791 raised
740 2723 776 2789 in
790 2720 1003 2803 benedietion,
1019 2722 1056 2788 in
1069 2721 1122 2789 his
1134 2722 1196 2789 leit
1209 2723 1266 2789 the
1279 2721 1420 2809 pastoral
1434 2721 1520 2789 staff.

277 2870 642 2961 Iegend-‘euemuuu
675 2892 839 2939 mouetur
862 2893 898 2938 n1
921 2894 944 2937 e
968 2922 975 2937 .
1001 2923 1008 2938 .
1035 2922 1042 2938 .
1068 2920 1078 2940 .
1103 2893 1351 2939 munemusre
1385 2892 1518 2938 uersuor
1542 2923 1550 2940 .
1575 2923 1582 2938 .
1606 2910 1648 2957 γ.
1673 2870 1703 2939 .’

231 3006 326 3097 (vide
339 3008 441 3078 Bireh
454 3032 486 3097 p.
502 3010 592 3096 282.)

278 3158 502 3227 Endoreed-‘
512 3158 668 3226 lendes:
684 3158 837 3247 Epieeopi
851 3158 897 3227 N.
913 3159 1113 3228 eoniirmetio
1128 3158 1193 3225 sliu
1207 3156 1396 3226 Generalis!

886 3444 1052 3516 Devm.

243 3610 473 3681 oniense
510 3610 571 3679 oe
606 3606 894 3680 Permesse
930 3608 1160 3677 esesuee
1195 3581 1264 3675 er
1299 3607 1531 3690 unumne,
1568 3607 1701 3681 esen

359 3748 420 3817 ou
455 3746 710 3829 wseuruu,
740 3746 800 3815 uo
828 3745 929 3814 ren
957 3744 1228 3814 essersene
1257 3744 1318 3812 oe
1347 3742 1586 3814 ewnuens.

527 3910 681 3999 [P.R.O.,
697 3910 783 3985 ΟΒ.
799 3909 962 3979 Mrscuuu.
978 3907 1103 3990 Boons,
1117 3907 1202 3975 Vou.
1220 3909 1250 3989 1,
1265 3908 1290 3975 f.
1306 3906 1400 3996 4⁷8]
1436 3909 1663 3977 1153-1184.

280 4073 498 4144 Wmnusrrne
517 4096 621 4143 eomes
639 4072 824 4143 Wenwmu
844 4072 994 4141 omnibus
1012 4069 1187 4140 burenibus
1200 4075 1234 4137 et
1246 4068 1462 4158 burgensibus
1475 4075 1510 4139 et
1522 4069 1708 4142 hominibus

236 4218 306 4282 turn
319 4212 486 4281 Asemcrs
500 4234 599 4301 quem
612 4210 844 4281 Wsueesreue
858 4214 892 4277 et
905 4213 975 4276 tem
988 4206 1191 4297 presentibus
1204 4228 1303 4294 quum
1317 4208 1435 4275 firturie
1448 4209 1596 4278 sulutem.

280 4349 409 4419 Notum
437 4350 481 4417 eit
509 4349 658 4419 omnibus
685 4348 777 4417 vobis
805 4350 839 4415 et
867 4344 1018 4413 enisos
1041 4348 1076 4412 et
1099 4341 1268 4413 Arrenius
1292 4349 1362 4412 tum
1383 4346 1586 4433 presentibus
1610 4371 1710 4436 quum

236 4486 358 4555 futuris
376 4510 429 4555 me
448 4487 634 4556 oonoessisse
655 4492 689 4555 et
709 4489 798 4555 uerte
817 4506 890 4553 mes
910 4482 1113 4551 eonfirmesse
1133 4480 1349 4592 burgensibus
1369 4483 1410 4550 de
1429 4482 1633 4552 Swererssu
1651 4484 1711 4555 hee

237 4624 484 4693 eonsuetudines
512 4675 519 4691 .
548 4624 667 4691 seilicet
701 4622 875 4711 unicuique
918 4620 1074 4711 burgensi
1115 4618 1313 4710 burgagium
1349 4642 1424 4687 eum
1458 4619 1608 4688 omnibus
1643 4624 1710 4691 suis

238 4758 444 4849 pertinentiis
466 4810 474 4827 .
497 4759 617 4827 seiiioet
641 4780 753 4829 eorum
778 4780 881 4828 essere
902 4764 937 4828 et
961 4758 1136 4847 unieuique
1160 4762 1284 4847 septem
1308 4778 1399 4825 serus
1425 4756 1513 4824 ultre
1534 4780 1649 4825 nemus
1677 4765 1711 4826 et
