4125 5359
438 584 501 653 186

391 898 457 965 mei
470 902 547 965 anta
560 898 719 967 dederamt
733 898 779 967 ais
791 898 828 965 in
842 898 1047 967 elemosinam
1062 920 1161 985 quam
1174 904 1282 967 tetum
1294 900 1460 967 residuum
1479 902 1567 987 quod
1585 922 1647 989 ego
1668 922 1711 969 ex
1731 901 1858 989 proprio

391 1034 477 1103 dono
491 1057 562 1103 meo
576 1036 651 1103 dedi
666 1036 712 1103 ais
726 1036 761 1103 in
775 1036 983 1104 elemosinam
999 1087 1006 1103 .
1023 1038 1068 1103 ad
1080 1036 1266 1105 habendum
1280 1042 1314 1105 at
1327 1038 1505 1105 tenendum
1518 1036 1618 1105 libere
1634 1042 1668 1105 et
1689 1037 1798 1124 quiete
1818 1036 1858 1105 ab

390 1172 480 1240 omni
505 1172 634 1241 servitio
659 1178 692 1241 at
723 1173 952 1241 eonsuetudine
981 1176 1015 1240 at
1044 1174 1210 1242 exactione
1237 1174 1372 1242 seaulari
1395 1176 1560 1243 reddendo
1582 1177 1692 1241 tamen
1718 1172 1800 1240 mihi
1825 1178 1859 1241 et

391 1308 563 1379 heredibus
575 1311 656 1379 meis
669 1333 728 1399 pro
741 1310 800 1378 ills
814 1314 905 1397 parta
919 1310 1011 1379 feudi
1025 1334 1124 1398 quam
1138 1310 1260 1379 babent
1278 1334 1320 1379 ex
1340 1311 1469 1399 pmprio
1490 1312 1576 1379 dono
1596 1332 1669 1379 meo
1690 1310 1859 1377 annuatim

390 1448 433 1517 ad
446 1447 567 1517 festum
581 1448 698 1517 Sanate
712 1448 909 1515 Mrcusnms
924 1448 1124 1515 solummodo
1139 1498 1146 1515 .
1171 1470 1251 1515 xxx„
1267 1453 1301 1517 at
1316 1470 1349 1515 v.
1365 1448 1481 1516 solidos
1486 1452 1529 1515 ‘et
1543 1447 1720 1517 Wsanuaa
1734 1445 1855 1513 Larsa

389 1590 422 1654 et
435 1586 606 1655 heredibus
620 1586 685 1653 suis
701 1636 709 1653 .
725 1608 755 1653 v.
772 1586 889 1654 subdas
903 1588 946 1655 ad
964 1587 1104 1654 eundem
1123 1588 1308 1654 terminum.
1370 1584 1417 1651 Et
1430 1606 1488 1671 per
1504 1588 1634 1651 tantum
1648 1582 1752 1669 quieti
1764 1587 1858 1650 arunt

389 1722 432 1792 ab
457 1724 547 1792 omni
568 1722 697 1791 servitio
718 1724 806 1809 quod
827 1722 870 1789 ad
890 1744 943 1789 ma
968 1772 976 1789 .
1000 1722 1141 1809 pertinet
1165 1774 1174 1791 .
1200 1723 1254 1790 rel
1276 1724 1320 1791 ad
1340 1722 1474 1790 heredes
1496 1742 1584 1787 meos
1606 1772 1614 1786 .
1641 1721 1729 1787 salvo
1751 1725 1858 1786 tamen

389 1860 518 1929 servitio
532 1860 657 1928 domini
679 1858 812 1926 domitis.
866 1856 914 1926 Et
928 1858 1094 1925 sciendum
1108 1860 1195 1945 quod
1208 1881 1269 1947 ago
1289 1864 1323 1926 ab
1343 1858 1476 1927 heredes
1497 1857 1562 1925 mei
1582 1854 1859 1924 warantizabimus

388 1998 540 2086 predictis
554 1996 719 2065 menauhis
732 1996 791 2064 hee
805 1996 915 2064 omnia
929 2000 1041 2064 senua
1053 2018 1164 2064 omnes
1177 1996 1324 2064 homines
1337 1996 1374 2064 in
1387 2000 1591 2083 perpetuum.
1621 1992 1701 2060 Hiis
1714 1991 1856 2059 testibus.

390 2132 532 2202 Domino
547 2133 710 2202 Hausuco
724 2132 950 2199 Lauuavuuss
966 2104 1112 2220 episeopo
1129 2182 1137 2201 .
1153 2132 1336 2199 Hsuuuno
1353 2134 1394 2200 de
1409 2132 1578 2201 Vauomrs
1591 2136 1671 2198 tune
1684 2130 1803 2197 ballivo
1817 2131 1856 2195 de

389 2269 608 2338 Garamam
630 2321 638 2337 .
663 2269 857 2337 Rauuursso
871 2271 911 2336 de
927 2268 1071 2336 Suusau
1094 2320 1102 2336 .
1127 2270 1289 2336 Hsuareo
1311 2270 1352 2337 de
1373 2270 1635 2337 Uurasuuvrua
1659 2319 1666 2332 .
1691 2266 1858 2332 Pusarsro

388 2408 429 2476 de
454 2406 617 2475 Maacnos
645 2457 652 2473 .
684 2406 827 2473 Paasuo
849 2408 890 2474 de
910 2406 1126 2475 Turannvm’
1150 2457 1157 2472 .
1181 2406 1359 2476 Wsarsao
1381 2408 1422 2473 de
1444 2405 1602 2491 Sauum
1629 2456 1637 2471 .
1660 2403 1853 2472 Wsaasuuo

388 2545 538 2614 Marsas
555 2596 562 2612 .
580 2544 722 2613 Rosam
738 2546 779 2612 de
793 2545 984 2616 eroum
1000 2596 1007 2611 .
1024 2544 1049 2613 J
1049 2566 1192 2612 onasus
1206 2546 1247 2613 de
1261 2546 1295 2612 ln
1309 2545 1416 2613 Manu
1430 2596 1437 2611 .
1451 2544 1607 2612 chaano
1615 2543 1854 2623 Fuasmarssr.

387 2683 584 2753 Wmausuo
595 2682 818 2749 Fusunauusr
835 2681 1053 2751 mursano
1068 2682 1156 2750 Soa.
1174 2682 1372 2751 Grausuaro
1384 2684 1424 2751 de
1435 2680 1674 2750 Tuaauavm'.
1691 2679 1852 2746 amasso

390 2819 535 2888 Manae.

435 2957 509 3026 Saal
532 2958 567 3025 in
590 2959 671 3025 dark
693 2981 792 3047 green
814 2973 896 3040 wax,
922 2957 1008 3045 stin.
1032 2959 1130 3025 diam.
1175 2958 1306 3039 Deviaa,
1332 2982 1353 3025 a
1378 2962 1444 3025 star
1466 2956 1503 3024 oi
1523 2956 1615 3044 eight
1640 2954 1759 3041 points,
1785 2949 1857 3018 eaah

393 3096 515 3183 eappad
529 3095 643 3162 witha
658 3095 759 3182 lump,
775 3095 880 3162 whiah
895 3118 973 3181 may
987 3094 1027 3163 be
1048 3120 1068 3161 a
1088 3094 1197 3162 bunah
1218 3094 1254 3162 oi
1274 3096 1408 3163 flowers.
1453 3094 1643 3182 Lagend—‘
1661 3100 1692 3163 1-
1719 3088 1857 3157 srasm’.

395 3253 503 3298 uavrn
528 3280 535 3295 .
559 3230 729 3297 seusana!

438 3370 661 3439 Endorsed-‘
671 3368 781 3436 David
795 3367 941 3455 Saudng,
956 3367 1042 3435 inter
1060 3366 1299 3435 llas-1219)

1020 3668 1248 3736 Dcxovm.

470 3827 634 3897 GRANT
669 3828 736 3897 ΒΥ
769 3828 1010 3899 NIOHOLAS
1046 3830 1197 3898 PUINZ
1230 3827 1289 3897 ΤΟ
1324 3825 1537 3896 MARGAM
1571 3824 1632 3893 OF
1665 3822 1800 3892 LAND

776 3966 832 4033 IN
867 3966 967 4034 THE
1001 3966 1096 4034 FER
1130 3966 1191 4033 OF
1224 3964 1497 4034 LLANGEWI.

985 4154 1153 4240 [Paresaca
1175 4154 1288 4239 MSS]
1600 4148 1825 4215 naa-1218.

445 4312 605 4381 Omnibus
619 4311 736 4380 Sancte
750 4313 878 4381 adolasia
893 4314 969 4381 filiis
982 4338 1014 4403 p.
1030 4338 1059 4382 e.
1075 4314 1099 4382 f.
1116 4314 1317 4381 Nscrsoasus
1330 4314 1442 4381 Parsa
1457 4313 1603 4381 salutem.

443 4450 560 4521 Saiatis
574 4451 661 4537 quod
675 4470 736 4538 ego
757 4472 816 4538 pro
833 4451 1003 4521 animabus
1024 4457 1259 4521 anteeamorum
1280 4473 1425 4520 meorum
1449 4500 1457 4517 .
1480 4454 1514 4517 et
1534 4471 1594 4537 pro
1614 4447 1725 4515 anima
1745 4446 1869 4515 demini

400 4588 466 4658 mai
489 4638 497 4657 .
525 4587 714 4657 W1mnau1
736 4587 862 4655 eomitis
883 4590 1021 4657 manassi
1042 4594 1076 4658 et
1096 4590 1173 4659 dedi
1194 4594 1228 4657 et
1248 4590 1309 4657 hau
1329 4593 1418 4657 sarta
1441 4610 1515 4655 maa
1537 4584 1725 4655 aonfirmsvi
1744 4584 1818 4652 Deo
1837 4586 1869 4650 at

400 4724 529 4796 adelesia
543 4723 660 4793 sanata
674 4724 723 4792 M.
738 4726 779 4793 da
792 4723 951 4793 Maaeass
967 4730 1000 4794 et
1014 4726 1179 4795 monaabis
1199 4726 1257 4815 qui
1276 4726 1399 4795 ibidem
1411 4724 1486 4793 Deo
1499 4722 1644 4793 serviunt
1657 4722 1694 4789 in
1708 4743 1824 4809 puram
1837 4722 1869 4786 et
