4125 5359
1049 878 1201 947 DXXX.

391 1024 555 1095 GRANT
574 1027 642 1095 ΒΥ
660 1026 979 1109 MEROHIAWN,
994 1027 1084 1095 SON
1102 1027 1163 1095 OF
1181 1026 1496 1109 RHYDDEROE
1512 1026 1571 1095 ΤΟ
1589 1027 1859 1109 LLANDAF'F,

500 1151 601 1220 AND
625 1150 684 1219 ΤΟ
709 1150 921 1235 GUOAUN,
945 1151 1132 1235 BIBHOP,
1155 1152 1259 1220 AND
1282 1149 1441 1219 ABBOT
1467 1150 1528 1219 OF
1552 1152 1615 1220 ΒΤ.
1641 1150 1860 1234 OATOUUS,

499 1274 560 1344 OF
589 1276 925 1357 LLANOARFAN,
957 1276 1017 1343 OF
1051 1276 1157 1346 Two
1190 1275 1344 1357 SERFQ
1374 1275 1552 1344 GUSTIN
1584 1277 1687 1345 ΔΝΙ)
1721 1276 1860 1358 Enni,

500 1400 635 1470 WITH
659 1400 813 1469 THEIR
839 1400 1101 1482 ΡΒΟΡΕΒΤῩ,
1128 1401 1231 1469 AND
1257 1401 1291 1469 A
1318 1400 1520 1471 FISHING
1545 1401 1709 1472 RIGH'l'.

765 1548 910 1636 (Gomon
931 1550 1027 1619 MSS.
1073 1550 1262 1621 annnms
1277 1550 1361 1618 ΟΧ.
1377 1552 1402 1617 f.
1419 1551 1487 1636 77.)
1630 1548 1719 1617 Al).
1742 1552 1817 1617 982.

1016 1700 1241 1769 Lancanuau.

435 1835 671 1924 Perpetualiter
696 1838 847 1925 regnanti
874 1838 1004 1905 domino
1031 1842 1142 1905 nostro
1164 1838 1245 1905 Jesu
1264 1837 1392 1906 Christo
1412 1838 1515 1905 honor
1537 1838 1608 1905 laus
1630 1841 1663 1905 et
1688 1837 1860 1926 perhennis

390 1973 476 2041 doxa
495 1998 553 2062 per
570 1974 701 2041 infinita
720 1976 835 2042 seoula.
880 1975 955 2062 Ego
977 1976 1195 2042 Mnncmaun
1214 1976 1301 2043 tilius
1321 1974 1483 2042 Rmnucn
1497 1980 1570 2063 post
1583 1975 1725 2062 plurima
1744 1976 1860 2042 deliota

391 2112 610 2200 immensaque
625 2112 760 2180 erimina
774 2114 816 2180 sd
836 2118 868 2179 te
889 2112 947 2199 qui
965 2135 999 2179 ee
1018 2112 1093 2179 fons
1110 2074 1325 2201 indulgentiae
1339 2110 1517 2199 largifluus,
1540 2111 1722 2177 affectuosis
1734 2111 1859 2191 risibm,

390 2248 491 2316 immo
514 2249 689 2317 laorimosis
714 2250 897 2337 planetibus
921 2250 1176 2337 penitentialiter
1202 2250 1450 2339 supplioiterque
1473 2249 1576 2316 nimia
1598 2250 1754 2316 aviditate
1772 2250 1862 2317 Deus

391 2408 482 2453 meus
504 2388 622 2453 reverti
647 2388 802 2469 desidero,
822 2387 892 2455 haeo
911 2388 1037 2477 jugiter
1054 2389 1205 2469 moolens,
1226 2388 1313 2475 quod
1336 2388 1472 2454 Pnrnus
1491 2387 1688 2454 amarissime
1707 2386 1807 2467 flevit,
1829 2393 1862 2454 et

391 2524 520 2591 veniam
547 2506 742 2611 impetravit.
803 2525 941 2592 Pronus
978 2548 1149 2592 conversus
1184 2525 1354 2592 confestim
1390 2525 1575 2611 Apostolus,
1605 2525 1690 2591 latro
1725 2525 1860 2591 eredidit

391 2662 576 2749 paradisum
601 2662 739 2729 koluit„
770 2662 898 2729 Inelitis
922 2663 1025 2747 igitur
1054 2662 1284 2730 eonfessoribus
1315 2660 1486 2729 Dunmoro
1515 2660 1671 2729 Tuumuo
1704 2662 1861 2729 Ounocno

390 2802 424 2867 at
450 2798 617 2867 Gucauno
641 2800 787 2886 episeopo
810 2800 955 2887 utrisque
981 2800 1120 2889 gemmis
1142 2801 1300 2881 deoorato,
1324 2799 1484 2887 sapientia
1508 2800 1658 2867 videlieet
1680 2806 1861 2866 sanotorum

391 2937 621 3025 seripturarum
651 2937 771 3004 divinae
801 2943 834 3005 et
862 2938 1013 3005 hnmanae
1044 2942 1077 3005 et
1106 2938 1210 3025 reguli
1241 2938 1411 3005 nobilitate
1447 2938 1621 3025 parentelas
1657 2938 1755 3003 simul
1790 2960 1863 3003 oum

391 3074 552 3163 dignitate
577 3075 771 3162 pontifioalis
794 3075 955 3143 outhedrae
978 3074 1089 3143 abbati
1114 3077 1215 3143 totius
1237 3075 1408 3165 dignitatis
1433 3076 1572 3142 eoolesiae
1598 3075 1702 3141 saneti
1740 3074 1862 3142 Oanocr

391 3210 651 3279 mesuvrrm
676 3212 772 3278 simul
794 3217 827 3279 et
846 3212 1039 3281 hereditario
1058 3212 1132 3299 jure
1156 3213 1215 3280 hos
1234 3214 1315 3280 duos
1335 3212 1453 3279 fratres
1473 3211 1604 3279 Gusrlu
1624 3218 1658 3281 et
1674 3212 1773 3279 Enna
1791 3235 1863 3279 oum

392 3372 451 3417 sua
477 3356 611 3439 paterne
637 3350 815 3417 hereditate
841 3356 874 3417 et
899 3374 973 3418 oum
998 3356 1131 3439 oapture
1153 3351 1289 3440 pisoium
1310 3356 1348 3417 ut
1365 3373 1489 3417 merear
1510 3348 1606 3416 besu
1630 3351 1862 3437 tranquillitate

393 3488 525 3576 adipisci
554 3488 717 3575 perhenne
746 3489 904 3575 gaudium
933 3488 1037 3556 tribus
1065 3513 1123 3575 pro
1152 3488 1322 3556 animabus
1351 3487 1497 3577 eonjugis
1526 3511 1607 3555 meae
1633 3493 1668 3555 et
1691 3492 1863 3575 parentum

393 3648 537 3693 meorum
564 3625 726 3691 Rmnuon
752 3630 785 3692 et
811 3624 973 3693 Assem
999 3649 1072 3693 oum
1096 3648 1154 3692 sue
1177 3630 1247 3693 totu
1269 3626 1418 3693 libertate
1442 3631 1476 3692 et
1501 3625 1570 3692 sine
1593 3626 1661 3691 ullo
1684 3599 1789 3692 oensu
1806 3625 1865 3692 ulli

394 3764 520 3830 homini
533 3767 660 3829 terreno
675 3762 738 3829 nisi
752 3762 891 3829 eoolosiae
910 3762 1105 3829 Imnnavm
1124 3768 1158 3829 et
1177 3764 1358 3850 pastoribus
1378 3762 1409 3850 ej
1414 3786 1451 3829 us
1469 3764 1680 3850 imperpetuo.
1726 3764 1773 3831 Et
1792 3786 1865 3830 oum

395 3899 496 3968 libera
510 3902 733 3967 oommunione
747 3901 782 3966 in
798 3924 909 3988 eampo
925 3906 956 3968 et
972 3902 1007 3967 in
1022 3902 1111 3967 silvis
1124 3902 1160 3967 in
1174 3888 1260 3988 aqua
1278 3908 1311 3969 et
1331 3903 1366 3968 in
1384 3902 1517 3989 pasouis.
1563 3900 1615 3969 De
1634 3902 1755 3968 oleriois
1768 3907 1865 3968 testes

396 4042 473 4137 snut
503 4037 689 4105 Gnosunus
723 4039 887 4125 episeopus
923 4038 1037 4106 Ernnu
1069 4041 1169 4106 leotor
1204 4039 1293 4106 urbis
1331 4038 1468 4107 Gonnus
1505 4038 1675 4106 Bur-:noun
1711 4039 1867 4107 Gonnum

398 4176 538 4243 Oaroun
570 4176 680 4243 Guucr
710 4174 824 4242 Duris.
871 4176 922 4243 De
937 4178 1026 4243 loiois
1040 4200 1116 4243 vero
1131 4178 1321 4243 Annnnmrn
1337 4177 1410 4243 Rex
1430 4178 1516 4244 filius
1535 4164 1679 4245 Nonum
1694 4180 1867 4246 oonoedens

400 4312 484 4381 hano
498 4314 703 4379 elemosinam
725 4314 934 4401 imperpetuo.
976 4313 1193 4380 Mnnoumnn
1209 4319 1242 4380 et
1256 4314 1343 4380 filins
1360 4314 1432 4401 ejus
1452 4314 1617 4382 Guncnnn
1654 4315 1765 4383 Gener
1784 4316 1871 4382 tilius

403 4450 620 4517 Gnncunauu
659 4450 828 4517 Msucsnn
870 4449 1005 4517 (iurans.
1047 4450 1240 4537 Quicunque
1263 4452 1449 4518 eustodierit
1471 4452 1630 4519 eustodiet
1649 4451 1744 4518 illum
1770 4450 1868 4520 Deus.

402 4586 470 4660 Qui
484 4592 593 4655 autem
608 4587 649 4654 ab
664 4588 794 4655 ooolesia
808 4586 1002 4654 Lanuuium
1016 4589 1210 4675 separaverit
1225 4589 1397 4655 anathemo
1411 4590 1462 4656 sit.
1507 4589 1626 4657 Amen.

692 4723 789 4807 (Reos
805 4723 888 4791 L.L.
904 4748 958 4813 pp.
975 4726 1050 4806 232,
1067 4726 1141 4790 505.
1188 4724 1334 4808 Guoeun,
1350 4726 1431 4792 toth
1445 4724 1594 4813 Bishop.)
