4125 5359
426 561 490 628 180

385 876 573 944 oonfirmete
586 878 643 943 est
688 873 789 942 Anno
809 872 851 941 eb
872 872 1093 942 inomnetione
1111 872 1248 942 Domini
1268 883 1318 939 κο·
1332 883 1408 941 001⁰·
1443 875 1558 942 eodem
1577 896 1664 943 enno
1684 897 1750 963 quo
1770 874 1859 943 Lm·

386 1034 548 1081 sorerem
576 1012 742 1101 episeopus
770 1011 943 1080 defimotus
971 1017 1020 1081 est
1050 1011 1107 1100 qui
1135 1011 1237 1079 meter
1265 1016 1335 1079 eret
1362 1012 1485 1079 ordinis
1513 1011 1765 1081 Gerrusmrsrs.
1824 1011 1860 1082 A

385 1151 533 1240 proximo
547 1149 648 1217 Peroe
661 1170 763 1237 usque
777 1148 820 1215 ed
833 1148 1010 1217 terminum
1023 1150 1185 1237 prefixum
1198 1150 1362 1217 summm.
1408 1118 1622 1218 Histeetibos
1636 1202 1644 1219 .
1661 1150 1859 1221 Wnnmo

385 1288 497 1357 Iorn’
514 1338 523 1357 .
539 1288 710 1356 Prsmrro
724 1288 766 1356 de
779 1285 943 1354 Miseros
958 1286 1176 1357 .W1n1m1rr0
1190 1288 1232 1356 de
1246 1287 1404 1355 Centeno
1419 1338 1428 1354 .
1441 1287 1638 1357 Wrnnrerro
1652 1289 1834 1356 Pmcrnne
1849 1340 1858 1355 .

383 1427 407 1497 J
407 1450 550 1495 ornere
569 1428 611 1495 de
635 1426 765 1495 Peme
782 1477 790 1494 .
805 1427 986 1494 Miserere
1004 1428 1046 1493 de
1064 1424 1249 1493 Heresis.
1266 1424 1366 1493 Terre
1385 1423 1621 1493 ermonem
1636 1476 1644 1493 .
1660 1424 1858 1495 Wmennrro

385 1587 535 1635 eonvereo
551 1616 559 1633 .
574 1562 599 1634 J
599 1586 742 1631 oneres
759 1562 906 1631 Menses
921 1613 931 1632 .
946 1562 1113 1631 Jeme
1133 1560 1227 1629 'trus
1242 1612 1250 1629 .
1267 1561 1368 1630 Tou
1387 1562 1455 1630 filio
1473 1560 1607 1628 Arene
1623 1614 1631 1631 .
1647 1560 1807 1630 Senserit
1825 1567 1860 1631 et

383 1703 485 1772 treme
504 1726 562 1771 suo
581 1702 759 1772 Wenrrno
779 1699 896 1770 ,vaso
911 1750 919 1767 .
936 1698 1099 1767 Herem
1119 1698 1269 1767 Verre.
1289 1698 1432 1768 Domino
1448 1750 1456 1766 .
1470 1699 1515 1769 Δ.
1531 1698 1648 1769 ebbete
1666 1701 1707 1805 eie
1725 1698 1855 1768 Nem.

385 1838 539 1909 Osenrro
574 1838 811 1908 Arobidieoono
847 1888 857 1907 .
894 1836 1084 1903 &sunere
1120 1836 1226 1923 priore
1261 1836 1303 1904 de
1338 1835 1444 1903 Nem
1477 1887 1486 1903 .
1516 1834 1618 1904 'Porri
1655 1836 1854 1905 Semeterio.

384 1977 581 2049 wemno
595 1975 770 2064 presbitero
784 1977 826 2044 de
840 1974 957 2043 Senoto
973 1972 1116 2040 Doesro
1130 2024 1139 2043 .
1155 1977 1189 2043 et
1202 1972 1275 2040 eliis
1287 1973 1409 2041 multis.

427 2115 591 2184 Indented
604 2115 704 2203 elong
717 2113 774 2182 the
787 2116 844 2201 top
858 2111 938 2179 with
953 2110 1219 2192 Omoemus,
1235 2114 1290 2178 ont
1303 2109 1455 2198 througb

426 2252 649 2321 Endorsed-‘
659 2249 896 2341 Oirogrephum
909 2248 996 2315 inter
1010 2246 1067 2316 W.
1083 2249 1125 2315 de
1139 2248 1236 2315 Berri
1250 2252 1284 2317 et
1297 2247 1330 2317 J.
1346 2248 1387 2315 de
1401 2247 1434 2314 le
1447 2246 1564 2315 Mero?

432 2388 457 2438 J.
467 2387 498 2437 ee
508 2388 532 2437 ι.
542 2388 611 2436 sne
622 2402 686 2448 μω
695 2392 723 2436 eo
733 2387 809 2447 roe,
819 2386 885 2446 ene,
896 2397 957 2433 one
967 2385 1010 2433 ee
1020 2384 1160 2445 meroe
1170 2386 1197 2433 οι
1212 2385 1324 2434 omme
1332 2384 1405 2446 ome
1414 2368 1545 2433 mmmm.
1554 2384 1652 2433 nonu
1660 2384 1718 2433 een
1727 2384 1754 2432 n
1763 2384 1852 2433 rm

433 2474 545 2523 Another
554 2472 630 2532 John,
640 2473 689 2520 end
699 2471 811 2521 william
820 2472 851 2519 de
861 2470 886 2518 le
895 2469 972 2529 Mers,
982 2468 1116 2517 witnessed
1125 2484 1141 2517 e
1150 2469 1241 2518 Gower
1251 2469 1354 2518 charte
1363 2470 1389 2516 in
1401 2470 1468 2516 ltlt.

433 2556 583 2605 willitrude
594 2557 665 2604 Berri
677 2570 741 2617 reve
751 2558 781 2603 80
790 2568 859 2605 seres
873 2558 900 2603 to
914 2552 982 2601 rese
992 2554 1019 2601 ot
1034 2554 1074 2603 his
1087 2554 1127 2601 tes
1140 2555 1167 2601 in
1180 2554 1278 2603 eonor.
1308 2554 1375 2602 Both
1387 2567 1452 2602 vere
1465 2554 1599 2602 oonfirmed
1612 2554 1646 2614 by
1659 2552 1730 2614 Κίος
1743 2552 1811 2601 John
1824 2553 1850 2601 ir

380 2642 445 2689 reos.
477 2640 661 2703 (varnier).

1025 2796 1201 2870 Dcxcn.

488 2936 652 3005 GRANT
685 2937 753 3006 BY
785 2934 1009 3007 WELIAM
1043 2934 1316 3007 GILLEMIGH
1348 2930 1408 3001 ΤΟ
1439 2928 1652 2999 MARGAM
1684 2929 1745 2999 OF

892 3062 1026 3132 LAND
1058 3063 1116 3131 IN
1144 3059 1341 3129 KENFIG.

963 3198 1137 3288 [Pnnmce
1154 3196 1271 3285 Mes]

426 3336 613 3427 [Universis
645 3336 762 3403 Senete
793 3336 905 3404 metris
935 3333 1084 3425 eoeles]ie
1112 3334 1189 3403 tiliis
1210 3334 1267 3422 qui
1294 3336 1475 3421 presentem
1504 3331 1705 3419 inspexerint
1733 3336 1851 3400 oertorn

381 3473 597 3544 Wunennos
619 3472 830 3543 Grenssncn'
853 3473 1000 3542 alutem.

423 3611 550 3680 Notum
564 3612 648 3680 feoio
662 3611 865 3680 universitati
879 3616 982 3679 vestre
1006 3658 1312 3677 ..........
1335 3608 1420 3675 senti
1442 3610 1531 3675 oerte
1553 3628 1627 3673 mee
1651 3606 1851 3675 oonfirmnese

380 3748 452 3817 Deo
467 3755 500 3816 et
514 3748 617 3816 Beete
631 3748 753 3816 Mirm
769 3752 802 3815 et
814 3748 981 3817 moneohis
1000 3749 1042 3815 de
1063 3746 1219 3815 Meroen
1243 3796 1251 3812 .
1274 3767 1430 3813 ooneeneu
1443 3748 1478 3812 et
1490 3744 1691 3813 ooneessione
1704 3745 1853 3834 oonjugis

382 3935 490 3954 .....
507 3890 678 3973 parentum
692 3909 838 3954 meorum
852 3892 886 3955 et
900 3886 1077 3969 emioorum
1092 3936 1100 3952 .
1116 3893 1208 3952 vuffl-
1220 3906 1310 3951 sores
1322 3888 1406 3951 terre
1420 3906 1491 3950 mee
1505 3904 1568 3969 que
1582 3886 1632 3949 eet
1643 3882 1680 3949 in
1693 3882 1852 3951 ten-iterio

380 4027 422 4094 de
436 4024 608 4091 Kernrm
622 4024 739 4093 liberes
753 4031 787 4093 et
800 4026 925 4112 quietes
938 4024 980 4093 eb
995 4023 1085 4091 omni
1108 4022 1251 4108 [servitio
1267 4022 1314 4107 et]
1337 4018 1472 4088 seerrleri
1492 4020 1659 4087 exeetione
1679 4019 1716 4087 in
1737 4042 1852 4108 pur-em

278 4234 291 4250 ,
380 4166 414 4230 et
443 4166 631 4249 perpetuom
660 4164 867 4230 elemosinam
895 4184 954 4250 pro
977 4162 1081 4229 solute
1106 4160 1214 4228 enims
1235 4180 1307 4226 mee
1332 4162 1366 4226 et
1389 4162 1626 4226 enteeeseorum
1649 4178 1796 4226 meorum
1819 4162 1853 4227 et

381 4321 595 4369 suooessorum
611 4350 618 4365 .
635 4322 697 4386 que
712 4300 861 4367 videlieet
880 4350 888 4365 .
912 4350 920 4367 .
946 4350 953 4367 .
979 4348 986 4365 .
1010 4320 1029 4366 e
1043 4297 1155 4365 divisis
1168 4300 1253 4364 terre
1266 4294 1370 4362 Mem
1384 4295 1598 4363 adorientem
1613 4346 1621 4362 .
1637 4299 1672 4364 et
1691 4296 1852 4384 insipient

380 4458 535 4526 emegne
549 4437 603 4503 vie
616 4439 659 4503 ed
673 4437 922 4523 septentrionem
937 4458 1000 4523 que
1014 4436 1106 4504 redit
1120 4437 1161 4503 de
1174 4435 1244 4502 loeo
1258 4434 1316 4521 qui
1328 4432 1396 4501 fuit
1417 4483 1427 4501 .
1451 4483 1459 4500 .
1485 4484 1492 4499 .
1517 4484 1526 4499 .
1549 4455 1659 4501 versus
1678 4432 1850 4502 Kerrrro

380 4580 414 4643 et
427 4575 568 4643 tendunt
581 4597 708 4641 sursum
722 4573 764 4642 ed
778 4578 933 4641 austrum.
971 4570 1047 4639 Hes
1067 4569 1170 4659 igitur
1190 4580 1280 4636 v1110·
1297 4592 1387 4637 soree
1400 4569 1484 4637 siout
1496 4568 1620 4637 ibidem
1633 4574 1710 4637 sunt
1723 4592 1849 4639 mensn-

379 4712 710 4783 reteetsuisfinibue
725 4761 898 4778 ......
921 4709 1381 4798 moneohisinsempiternum
1391 4708 1537 4777 oonoedo.
1569 4706 1850 4797 Etjurementnm
