<?xml version="1.0" encoding="UTF-8"?>
<!DOCTYPE html PUBLIC "-//W3C//DTD XHTML 1.0 Transitional//EN"
    "http://www.w3.org/TR/xhtml1/DTD/xhtml1-transitional.dtd">
<html xmlns="http://www.w3.org/1999/xhtml" xml:lang="en" lang="en">
 <head>
  <title>
</title>
<meta http-equiv="Content-Type" content="text/html;charset=utf-8" />
  <meta name='ocr-system' content='tesseract 3.04.00' />
  <meta name='ocr-capabilities' content='ocr_page ocr_carea ocr_par ocr_line ocrx_word'/>
</head>
<body>
  <div class='ocr_page' id='page_1' title='image "./cartetaliamunim02abbegoog_0268.png"; bbox 0 0 4125 5359; ppageno 0'>
   <div class='ocr_carea' id='block_1_1' title="bbox 429 561 495 628">
    <p class='ocr_par' dir='ltr' id='par_1_1' title="bbox 429 561 495 628">
     <span class='ocr_line' id='line_1_1' title="bbox 429 561 495 628; baseline 0 0"><span class='ocrx_word' id='word_1_1' title='bbox 429 561 495 628; x_wconf 77' lang='lat'><strong>226</strong></span> 
     </span>
    </p>
   </div>
   <div class='ocr_carea' id='block_1_2' title="bbox 385 878 1859 4318">
    <p class='ocr_par' dir='ltr' id='par_1_2' title="bbox 385 878 1859 3992">
     <span class='ocr_line' id='line_1_2' title="bbox 388 878 1855 972; baseline 0.005 -26"><span class='ocrx_word' id='word_1_2' title='bbox 388 901 430 946; x_wconf 85' lang='lat' dir='ltr'><strong>ex</strong></span> <span class='ocrx_word' id='word_1_3' title='bbox 443 881 637 947; x_wconf 85' lang='lat' dir='ltr'><strong>testamento</strong></span> <span class='ocrx_word' id='word_1_4' title='bbox 650 878 876 946; x_wconf 80' lang='lat' dir='ltr'><strong>desudantium</strong></span> <span class='ocrx_word' id='word_1_5' title='bbox 888 878 1118 967; x_wconf 85' lang='lat' dir='ltr'><strong>relinquuntur</strong></span> <span class='ocrx_word' id='word_1_6' title='bbox 1141 929 1148 946; x_wconf 91' lang='lat'>.</span> <span class='ocrx_word' id='word_1_7' title='bbox 1174 899 1231 946; x_wconf 88' lang='lat' dir='ltr'><strong>sen</strong></span> <span class='ocrx_word' id='word_1_8' title='bbox 1252 879 1288 947; x_wconf 95' lang='lat' dir='ltr'><strong>in</strong></span> <span class='ocrx_word' id='word_1_9' title='bbox 1309 879 1426 948; x_wconf 75' lang='lat' dir='ltr'><strong>hamas</strong></span> <span class='ocrx_word' id='word_1_10' title='bbox 1449 881 1535 970; x_wconf 88' lang='lat' dir='ltr'><strong>ipsos</strong></span> <span class='ocrx_word' id='word_1_11' title='bbox 1556 888 1669 950; x_wconf 88' lang='lat' dir='ltr'><strong>eontra</strong></span> <span class='ocrx_word' id='word_1_12' title='bbox 1689 885 1855 972; x_wconf 80' lang='lat' dir='ltr'><strong>apostolius</strong></span> 
     </span>
     <span class='ocr_line' id='line_1_3' title="bbox 388 1014 1854 1108; baseline 0.004 -25"><span class='ocrx_word' id='word_1_13' title='bbox 388 1015 474 1084; x_wconf 83' lang='lat' dir='ltr'><strong>sedis</strong></span> <span class='ocrx_word' id='word_1_14' title='bbox 486 1015 616 1084; x_wconf 80' lang='lat' dir='ltr'><strong>indulta</strong></span> <span class='ocrx_word' id='word_1_15' title='bbox 630 1016 825 1084; x_wconf 83' lang='lat' dir='ltr'><strong>sententiam</strong></span> <span class='ocrx_word' id='word_1_16' title='bbox 839 1014 1178 1084; x_wconf 83' lang='lat' dir='ltr'><strong>exeommuniestionis</strong></span> <span class='ocrx_word' id='word_1_17' title='bbox 1191 1021 1250 1084; x_wconf 83' lang='lat' dir='ltr'><strong>aet</strong></span> <span class='ocrx_word' id='word_1_18' title='bbox 1263 1015 1428 1084; x_wconf 70' lang='lat' dir='ltr'><strong>intermori</strong></span> <span class='ocrx_word' id='word_1_19' title='bbox 1448 1020 1703 1106; x_wconf 71' lang='lat' dir='ltr'><strong>presumpserint</strong></span> <span class='ocrx_word' id='word_1_20' title='bbox 1716 1021 1854 1108; x_wconf 82' lang='lat' dir='ltr'><strong>promul·</strong></span> 
     </span>
     <span class='ocr_line' id='line_1_4' title="bbox 389 1153 1856 1246; baseline 0.003 -24"><span class='ocrx_word' id='word_1_21' title='bbox 389 1175 468 1244; x_wconf 64' lang='grc' dir='ltr'><strong>με</strong></span> <span class='ocrx_word' id='word_1_22' title='bbox 483 1206 491 1221; x_wconf 95' lang='grc'><strong>.</strong></span> <span class='ocrx_word' id='word_1_23' title='bbox 506 1155 560 1222; x_wconf 79' lang='lat' dir='ltr'><strong>rel</strong></span> <span class='ocrx_word' id='word_1_24' title='bbox 576 1156 716 1223; x_wconf 82' lang='lat' dir='ltr'><strong>‹leoimas</strong></span> <span class='ocrx_word' id='word_1_25' title='bbox 735 1153 884 1224; x_wconf 83' lang='lat' dir='ltr'><strong>laborum</strong></span> <span class='ocrx_word' id='word_1_26' title='bbox 904 1176 963 1222; x_wconf 91' lang='lat' dir='ltr'><strong>seu</strong></span> <span class='ocrx_word' id='word_1_27' title='bbox 983 1155 1258 1224; x_wconf 75' lang='lat' dir='ltr'><strong>nutrimentorum</strong></span> <span class='ocrx_word' id='word_1_28' title='bbox 1278 1155 1422 1244; x_wconf 89' lang='lat' dir='ltr'><strong>ipsorum</strong></span> <span class='ocrx_word' id='word_1_29' title='bbox 1445 1157 1562 1244; x_wconf 77' lang='lat' dir='ltr'><strong>spretis</strong></span> <span class='ocrx_word' id='word_1_30' title='bbox 1584 1157 1756 1246; x_wconf 87' lang='lat' dir='ltr'><strong>apostoliea</strong></span> <span class='ocrx_word' id='word_1_31' title='bbox 1776 1159 1856 1226; x_wconf 82' lang='lat' dir='ltr'><strong>sedis</strong></span> 
     </span>
     <span class='ocr_line' id='line_1_5' title="bbox 388 1291 1854 1382; baseline 0.001 -20"><span class='ocrx_word' id='word_1_32' title='bbox 388 1293 567 1382; x_wconf 75' lang='lat' dir='ltr'><strong>privilegiis</strong></span> <span class='ocrx_word' id='word_1_33' title='bbox 594 1297 785 1382; x_wconf 87' lang='lat' dir='ltr'><strong>extorquere</strong></span> <span class='ocrx_word' id='word_1_34' title='bbox 817 1344 826 1360; x_wconf 91' lang='lat'><strong>.</strong></span> <span class='ocrx_word' id='word_1_35' title='bbox 860 1293 1039 1361; x_wconf 88' lang='lat' dir='ltr'><strong>monitione</strong></span> <span class='ocrx_word' id='word_1_36' title='bbox 1067 1293 1221 1381; x_wconf 85' lang='lat' dir='ltr'><strong>premissa</strong></span> <span class='ocrx_word' id='word_1_37' title='bbox 1250 1293 1278 1360; x_wconf 92' lang='lat' dir='ltr'><strong>si</strong></span> <span class='ocrx_word' id='word_1_38' title='bbox 1306 1291 1381 1360; x_wconf 85' lang='lat' dir='ltr'><strong>laiei</strong></span> <span class='ocrx_word' id='word_1_39' title='bbox 1409 1293 1531 1362; x_wconf 77' lang='lat' dir='ltr'><strong>luerint</strong></span> <span class='ocrx_word' id='word_1_40' title='bbox 1559 1292 1690 1382; x_wconf 84' lang='lat' dir='ltr'><strong>publiea</strong></span> <span class='ocrx_word' id='word_1_41' title='bbox 1718 1295 1854 1364; x_wconf 73' lang='lat' dir='ltr'><strong>oandsbs</strong></span> 
     </span>
     <span class='ocr_line' id='line_1_6' title="bbox 389 1429 1855 1519; baseline 0 -19"><span class='ocrx_word' id='word_1_42' title='bbox 389 1431 528 1500; x_wconf 78' lang='lat' dir='ltr'><strong>setensis</strong></span> <span class='ocrx_word' id='word_1_43' title='bbox 555 1430 893 1500; x_wconf 68' lang='lat' dir='ltr'><strong>excommunicationis</strong></span> <span class='ocrx_word' id='word_1_44' title='bbox 921 1430 1082 1498; x_wconf 85' lang='lat' dir='ltr'><strong>sententis</strong></span> <span class='ocrx_word' id='word_1_45' title='bbox 1109 1429 1298 1519; x_wconf 83' lang='lat' dir='ltr'><strong>poroellstis</strong></span> <span class='ocrx_word' id='word_1_46' title='bbox 1343 1429 1381 1499; x_wconf 83' lang='lat' dir='ltr'><strong>si</strong></span> <span class='ocrx_word' id='word_1_47' title='bbox 1405 1451 1484 1498; x_wconf 86' lang='lat' dir='ltr'><strong>vero</strong></span> <span class='ocrx_word' id='word_1_48' title='bbox 1506 1430 1612 1499; x_wconf 89' lang='lat' dir='ltr'><strong>olerioi</strong></span> <span class='ocrx_word' id='word_1_49' title='bbox 1639 1431 1691 1498; x_wconf 83' lang='lat' dir='ltr'><strong>vel</strong></span> <span class='ocrx_word' id='word_1_50' title='bbox 1714 1431 1855 1500; x_wconf 80' lang='lat' dir='ltr'><strong>oanouioi</strong></span> 
     </span>
     <span class='ocr_line' id='line_1_7' title="bbox 388 1567 1854 1658; baseline 0.001 -22"><span class='ocrx_word' id='word_1_51' title='bbox 388 1569 553 1658; x_wconf 76' lang='lat' dir='ltr'><strong>regulares</strong></span> <span class='ocrx_word' id='word_1_52' title='bbox 580 1591 638 1636; x_wconf 88' lang='lat' dir='ltr'><strong>seu</strong></span> <span class='ocrx_word' id='word_1_53' title='bbox 666 1567 815 1637; x_wconf 89' lang='lat' dir='ltr'><strong>monsobi</strong></span> <span class='ocrx_word' id='word_1_54' title='bbox 839 1568 963 1636; x_wconf 81' lang='lat' dir='ltr'><strong>fuerint</strong></span> <span class='ocrx_word' id='word_1_55' title='bbox 985 1591 1040 1636; x_wconf 92' lang='lat' dir='ltr'><strong>eos</strong></span> <span class='ocrx_word' id='word_1_56' title='bbox 1062 1568 1277 1656; x_wconf 70' lang='lat' dir='ltr'><strong>appellatione</strong></span> <span class='ocrx_word' id='word_1_57' title='bbox 1307 1569 1498 1638; x_wconf 78' lang='lat' dir='ltr'><strong>remota&#39;ab</strong></span> <span class='ocrx_word' id='word_1_58' title='bbox 1524 1571 1628 1638; x_wconf 88' lang='lat' dir='ltr'><strong>ollioio</strong></span> <span class='ocrx_word' id='word_1_59' title='bbox 1650 1575 1684 1638; x_wconf 89' lang='lat' dir='ltr'><strong>et</strong></span> <span class='ocrx_word' id='word_1_60' title='bbox 1706 1569 1854 1638; x_wconf 57' lang='lat' dir='ltr'><strong>masline</strong></span> 
     </span>
     <span class='ocr_line' id='line_1_8' title="bbox 389 1705 1856 1795; baseline 0.001 -21"><span class='ocrx_word' id='word_1_61' title='bbox 389 1706 591 1794; x_wconf 64' lang='lat' dir='ltr'><strong>mspendmis</strong></span> <span class='ocrx_word' id='word_1_62' title='bbox 606 1756 615 1771; x_wconf 89' lang='lat'><strong>.</strong></span> <span class='ocrx_word' id='word_1_63' title='bbox 629 1709 780 1773; x_wconf 86' lang='lat' dir='ltr'><strong>neutram</strong></span> <span class='ocrx_word' id='word_1_64' title='bbox 796 1705 974 1774; x_wconf 83' lang='lat' dir='ltr'><strong>relaxaturi</strong></span> <span class='ocrx_word' id='word_1_65' title='bbox 994 1705 1190 1773; x_wconf 81' lang='lat' dir='ltr'><strong>seutentiam</strong></span> <span class='ocrx_word' id='word_1_66' title='bbox 1212 1756 1220 1772; x_wconf 90' lang='lat'><strong>.</strong></span> <span class='ocrx_word' id='word_1_67' title='bbox 1244 1707 1345 1775; x_wconf 87' lang='lat' dir='ltr'><strong>donee</strong></span> <span class='ocrx_word' id='word_1_68' title='bbox 1367 1705 1519 1795; x_wconf 73' lang='lat' dir='ltr'><strong>pretiatis</strong></span> <span class='ocrx_word' id='word_1_69' title='bbox 1540 1705 1697 1775; x_wconf 70' lang='lat' dir='ltr'><strong>namtas</strong></span> <span class='ocrx_word' id='word_1_70' title='bbox 1716 1707 1856 1795; x_wconf 82' lang='lat' dir='ltr'><strong>plensris</strong></span> 
     </span>
     <span class='ocr_line' id='line_1_9' title="bbox 388 1843 1856 1933; baseline 0.001 -21"><span class='ocrx_word' id='word_1_71' title='bbox 388 1843 587 1912; x_wconf 70' lang='lat' dir='ltr'><strong>satisiauant</strong></span> <span class='ocrx_word' id='word_1_72' title='bbox 614 1895 623 1910; x_wconf 89' lang='lat'><strong>.</strong></span> <span class='ocrx_word' id='word_1_73' title='bbox 654 1849 689 1911; x_wconf 90' lang='lat' dir='ltr'><strong>et</strong></span> <span class='ocrx_word' id='word_1_74' title='bbox 716 1845 786 1911; x_wconf 88' lang='lat' dir='ltr'><strong>tam</strong></span> <span class='ocrx_word' id='word_1_75' title='bbox 813 1843 889 1911; x_wconf 90' lang='lat' dir='ltr'><strong>laioi</strong></span> <span class='ocrx_word' id='word_1_76' title='bbox 914 1865 1013 1933; x_wconf 85' lang='lat' dir='ltr'><strong>quam</strong></span> <span class='ocrx_word' id='word_1_77' title='bbox 1043 1843 1149 1911; x_wconf 87' lang='lat' dir='ltr'><strong>olerioi</strong></span> <span class='ocrx_word' id='word_1_78' title='bbox 1178 1843 1334 1911; x_wconf 85' lang='lat' dir='ltr'><strong>seoulnres</strong></span> <span class='ocrx_word' id='word_1_79' title='bbox 1362 1844 1420 1933; x_wconf 90' lang='lat' dir='ltr'><strong>qui</strong></span> <span class='ocrx_word' id='word_1_80' title='bbox 1448 1867 1507 1933; x_wconf 84' lang='lat' dir='ltr'><strong>pro</strong></span> <span class='ocrx_word' id='word_1_81' title='bbox 1531 1844 1676 1914; x_wconf 81' lang='lat' dir='ltr'><strong>uiolenta</strong></span> <span class='ocrx_word' id='word_1_82' title='bbox 1703 1867 1856 1914; x_wconf 89' lang='lat' dir='ltr'><strong>manuum</strong></span> 
     </span>
     <span class='ocr_line' id='line_1_10' title="bbox 387 1979 1856 2072; baseline 0.003 -24"><span class='ocrx_word' id='word_1_83' title='bbox 387 1979 563 2069; x_wconf 82' lang='lat' dir='ltr'><strong>injsotione</strong></span> <span class='ocrx_word' id='word_1_84' title='bbox 586 1979 802 2048; x_wconf 83' lang='lat' dir='ltr'><strong>anathematis</strong></span> <span class='ocrx_word' id='word_1_85' title='bbox 826 1980 957 2049; x_wconf 79' lang='lat' dir='ltr'><strong>vinonio</strong></span> <span class='ocrx_word' id='word_1_86' title='bbox 978 1980 1101 2049; x_wconf 81' lang='lat' dir='ltr'><strong>fuerint</strong></span> <span class='ocrx_word' id='word_1_87' title='bbox 1123 1980 1272 2049; x_wconf 84' lang='lat' dir='ltr'><strong>innodati</strong></span> <span class='ocrx_word' id='word_1_88' title='bbox 1295 2003 1370 2050; x_wconf 92' lang='lat' dir='ltr'><strong>eum</strong></span> <span class='ocrx_word' id='word_1_89' title='bbox 1396 1981 1556 2050; x_wconf 76' lang='lat' dir='ltr'><strong>diooesem</strong></span> <span class='ocrx_word' id='word_1_90' title='bbox 1582 1982 1721 2072; x_wconf 87' lang='lat' dir='ltr'><strong>episoopi</strong></span> <span class='ocrx_word' id='word_1_91' title='bbox 1742 1983 1856 2051; x_wconf 65' lang='lat' dir='ltr'><strong>litate</strong></span> 
     </span>
     <span class='ocr_line' id='line_1_11' title="bbox 388 2116 1857 2204; baseline 0.004 -20"><span class='ocrx_word' id='word_1_92' title='bbox 388 2117 431 2184; x_wconf 78' lang='lat' dir='ltr'><strong>asl</strong></span> <span class='ocrx_word' id='word_1_93' title='bbox 467 2117 576 2184; x_wconf 87' lang='lat' dir='ltr'><strong>sedam</strong></span> <span class='ocrx_word' id='word_1_94' title='bbox 605 2116 812 2204; x_wconf 78' lang='lat' dir='ltr'><strong>apostolieum</strong></span> <span class='ocrx_word' id='word_1_95' title='bbox 840 2116 1007 2184; x_wconf 85' lang='lat' dir='ltr'><strong>venientes</strong></span> <span class='ocrx_word' id='word_1_96' title='bbox 1035 2116 1076 2187; x_wconf 96' lang='lat' dir='ltr'><strong>ab</strong></span> <span class='ocrx_word' id='word_1_97' title='bbox 1105 2117 1217 2186; x_wconf 84' lang='lat' dir='ltr'><strong>eodem</strong></span> <span class='ocrx_word' id='word_1_98' title='bbox 1245 2117 1374 2186; x_wconf 78' lang='lat' dir='ltr'><strong>rinerrlo</strong></span> <span class='ocrx_word' id='word_1_99' title='bbox 1403 2125 1589 2186; x_wconf 84' lang='lat' dir='ltr'><strong>mereantur</strong></span> <span class='ocrx_word' id='word_1_100' title='bbox 1617 2119 1749 2188; x_wconf 84' lang='lat' dir='ltr'><strong>absolvi.</strong></span> <span class='ocrx_word' id='word_1_101' title='bbox 1807 2120 1857 2190; x_wconf 86' lang='lat' dir='ltr'><strong>De</strong></span> 
     </span>
     <span class='ocr_line' id='line_1_12' title="bbox 386 2252 1855 2343; baseline 0.003 -21"><span class='ocrx_word' id='word_1_102' title='bbox 386 2252 552 2322; x_wconf 87' lang='lat' dir='ltr'><strong>monaehis</strong></span> <span class='ocrx_word' id='word_1_103' title='bbox 575 2276 650 2321; x_wconf 85' lang='lat' dir='ltr'><strong>vero</strong></span> <span class='ocrx_word' id='word_1_104' title='bbox 675 2257 710 2320; x_wconf 87' lang='lat' dir='ltr'><strong>et</strong></span> <span class='ocrx_word' id='word_1_105' title='bbox 734 2253 896 2323; x_wconf 86' lang='lat' dir='ltr'><strong>eanoniois</strong></span> <span class='ocrx_word' id='word_1_106' title='bbox 923 2253 1127 2343; x_wconf 75' lang='lat' dir='ltr'><strong>regularibus</strong></span> <span class='ocrx_word' id='word_1_107' title='bbox 1155 2253 1192 2322; x_wconf 80' lang='lat' dir='ltr'><strong>io</strong></span> <span class='ocrx_word' id='word_1_108' title='bbox 1219 2258 1363 2322; x_wconf 84' lang='lat' dir='ltr'><strong>servetur</strong></span> <span class='ocrx_word' id='word_1_109' title='bbox 1390 2305 1398 2322; x_wconf 90' lang='lat'>.</span> <span class='ocrx_word' id='word_1_110' title='bbox 1424 2258 1463 2322; x_wconf 87' lang='lat' dir='ltr'><strong>ut</strong></span> <span class='ocrx_word' id='word_1_111' title='bbox 1493 2254 1521 2322; x_wconf 92' lang='lat' dir='ltr'><strong>si</strong></span> <span class='ocrx_word' id='word_1_112' title='bbox 1550 2254 1699 2343; x_wconf 82' lang='lat' dir='ltr'><strong>ejusdem</strong></span> <span class='ocrx_word' id='word_1_113' title='bbox 1727 2257 1855 2326; x_wconf 87' lang='lat' dir='ltr'><strong>olsustri</strong></span> 
     </span>
     <span class='ocr_line' id='line_1_13' title="bbox 387 2389 1855 2481; baseline 0.002 -21"><span class='ocrx_word' id='word_1_114' title='bbox 387 2389 504 2460; x_wconf 85' lang='lat' dir='ltr'><strong>lrstrss</strong></span> <span class='ocrx_word' id='word_1_115' title='bbox 516 2413 633 2460; x_wconf 81' lang='lat' dir='ltr'><strong>manus</strong></span> <span class='ocrx_word' id='word_1_116' title='bbox 652 2392 688 2459; x_wconf 88' lang='lat' dir='ltr'><strong>in</strong></span> <span class='ocrx_word' id='word_1_117' title='bbox 710 2413 744 2460; x_wconf 88' lang='lat' dir='ltr'><strong>ss</strong></span> <span class='ocrx_word' id='word_1_118' title='bbox 765 2392 938 2480; x_wconf 83' lang='lat' dir='ltr'><strong>injeoerint</strong></span> <span class='ocrx_word' id='word_1_119' title='bbox 958 2391 1117 2460; x_wconf 83' lang='lat' dir='ltr'><strong>violentes</strong></span> <span class='ocrx_word' id='word_1_120' title='bbox 1137 2414 1195 2479; x_wconf 87' lang='lat' dir='ltr'><strong>per</strong></span> <span class='ocrx_word' id='word_1_121' title='bbox 1216 2389 1366 2460; x_wconf 83' lang='lat' dir='ltr'><strong>abbatem</strong></span> <span class='ocrx_word' id='word_1_122' title='bbox 1387 2394 1555 2481; x_wconf 86' lang='lat' dir='ltr'><strong>proprium</strong></span> <span class='ocrx_word' id='word_1_123' title='bbox 1582 2445 1590 2462; x_wconf 90' lang='lat'>.</span> <span class='ocrx_word' id='word_1_124' title='bbox 1616 2395 1643 2462; x_wconf 88' lang='lat' dir='ltr'><strong>si</strong></span> <span class='ocrx_word' id='word_1_125' title='bbox 1665 2417 1741 2463; x_wconf 84' lang='lat' dir='ltr'><strong>vero</strong></span> <span class='ocrx_word' id='word_1_126' title='bbox 1763 2396 1855 2463; x_wconf 89' lang='lat' dir='ltr'><strong>unius</strong></span> 
     </span>
     <span class='ocr_line' id='line_1_14' title="bbox 385 2527 1856 2619; baseline 0.003 -24"><span class='ocrx_word' id='word_1_127' title='bbox 385 2527 518 2596; x_wconf 81' lang='lat' dir='ltr'><strong>elaustri</strong></span> <span class='ocrx_word' id='word_1_128' title='bbox 541 2528 643 2595; x_wconf 80' lang='lat' dir='ltr'><strong>buter</strong></span> <span class='ocrx_word' id='word_1_129' title='bbox 666 2528 703 2596; x_wconf 88' lang='lat' dir='ltr'><strong>in</strong></span> <span class='ocrx_word' id='word_1_130' title='bbox 728 2528 864 2596; x_wconf 69' lang='lat' dir='ltr'><strong>trabem</strong></span> <span class='ocrx_word' id='word_1_131' title='bbox 888 2529 1022 2596; x_wconf 88' lang='lat' dir='ltr'><strong>alterius</strong></span> <span class='ocrx_word' id='word_1_132' title='bbox 1047 2529 1178 2596; x_wconf 80' lang='lat' dir='ltr'><strong>oleastri</strong></span> <span class='ocrx_word' id='word_1_133' title='bbox 1202 2528 1387 2616; x_wconf 84' lang='lat' dir='ltr'><strong>hujusmodi</strong></span> <span class='ocrx_word' id='word_1_134' title='bbox 1413 2533 1644 2619; x_wconf 88' lang='lat' dir='ltr'><strong>presumpserit</strong></span> <span class='ocrx_word' id='word_1_135' title='bbox 1670 2532 1856 2600; x_wconf 86' lang='lat' dir='ltr'><strong>violentiam</strong></span> 
     </span>
     <span class='ocr_line' id='line_1_15' title="bbox 387 2664 1855 2756; baseline 0.001 -21"><span class='ocrx_word' id='word_1_136' title='bbox 387 2689 533 2735; x_wconf 76' lang='lat' dir='ltr'><strong>exeruere</strong></span> <span class='ocrx_word' id='word_1_137' title='bbox 549 2719 557 2733; x_wconf 93' lang='lat'>.</span> <span class='ocrx_word' id='word_1_138' title='bbox 572 2691 631 2756; x_wconf 87' lang='lat' dir='ltr'><strong>per</strong></span> <span class='ocrx_word' id='word_1_139' title='bbox 646 2666 803 2755; x_wconf 82' lang='lat' dir='ltr'><strong>injuriam</strong></span> <span class='ocrx_word' id='word_1_140' title='bbox 824 2667 910 2756; x_wconf 86' lang='lat' dir='ltr'><strong>pessi</strong></span> <span class='ocrx_word' id='word_1_141' title='bbox 931 2671 965 2734; x_wconf 88' lang='lat' dir='ltr'><strong>et</strong></span> <span class='ocrx_word' id='word_1_142' title='bbox 985 2666 1156 2734; x_wconf 81' lang='lat' dir='ltr'><strong>inferentia</strong></span> <span class='ocrx_word' id='word_1_143' title='bbox 1177 2664 1309 2736; x_wconf 85' lang='lat' dir='ltr'><strong>abbates</strong></span> <span class='ocrx_word' id='word_1_144' title='bbox 1330 2666 1544 2736; x_wconf 80' lang='lat' dir='ltr'><strong>absolutionis</strong></span> <span class='ocrx_word' id='word_1_145' title='bbox 1564 2667 1757 2736; x_wconf 85' lang='lat' dir='ltr'><strong>benefloium</strong></span> <span class='ocrx_word' id='word_1_146' title='bbox 1778 2691 1855 2736; x_wconf 82' lang='lat' dir='ltr'><strong>asse·</strong></span> 
     </span>
     <span class='ocr_line' id='line_1_16' title="bbox 388 2803 1857 2894; baseline 0.001 -22"><span class='ocrx_word' id='word_1_147' title='bbox 388 2811 532 2894; x_wconf 87' lang='lat' dir='ltr'><strong>quantur</strong></span> <span class='ocrx_word' id='word_1_148' title='bbox 554 2856 562 2872; x_wconf 91' lang='lat'><strong>.</strong></span> <span class='ocrx_word' id='word_1_149' title='bbox 585 2806 685 2872; x_wconf 84' lang='lat' dir='ltr'><strong>etiem</strong></span> <span class='ocrx_word' id='word_1_150' title='bbox 706 2805 735 2872; x_wconf 87' lang='lat' dir='ltr'><strong>si</strong></span> <span class='ocrx_word' id='word_1_151' title='bbox 756 2827 868 2873; x_wconf 89' lang='lat' dir='ltr'><strong>eorum</strong></span> <span class='ocrx_word' id='word_1_152' title='bbox 888 2805 991 2892; x_wconf 86' lang='lat' dir='ltr'><strong>aliqui</strong></span> <span class='ocrx_word' id='word_1_153' title='bbox 1012 2805 1101 2893; x_wconf 84' lang='lat' dir='ltr'><strong>prius</strong></span> <span class='ocrx_word' id='word_1_154' title='bbox 1118 2826 1216 2892; x_wconf 85' lang='lat' dir='ltr'><strong>quam</strong></span> <span class='ocrx_word' id='word_1_155' title='bbox 1232 2803 1381 2872; x_wconf 88' lang='lat' dir='ltr'><strong>habitum</strong></span> <span class='ocrx_word' id='word_1_156' title='bbox 1401 2805 1575 2893; x_wconf 77' lang='lat' dir='ltr'><strong>reoiperint</strong></span> <span class='ocrx_word' id='word_1_157' title='bbox 1595 2805 1778 2894; x_wconf 82' lang='lat' dir='ltr'><strong>regularem</strong></span> <span class='ocrx_word' id='word_1_158' title='bbox 1795 2805 1857 2873; x_wconf 87' lang='lat' dir='ltr'><strong>tals</strong></span> 
     </span>
     <span class='ocr_line' id='line_1_17' title="bbox 387 2943 1856 3031; baseline -0.001 -20"><span class='ocrx_word' id='word_1_159' title='bbox 387 2943 512 3030; x_wconf 86' lang='lat' dir='ltr'><strong>aliquid</strong></span> <span class='ocrx_word' id='word_1_160' title='bbox 541 2945 770 3012; x_wconf 85' lang='lat' dir='ltr'><strong>oommiserunt</strong></span> <span class='ocrx_word' id='word_1_161' title='bbox 801 2995 809 3009; x_wconf 93' lang='lat'>.</span> <span class='ocrx_word' id='word_1_162' title='bbox 839 2947 971 3031; x_wconf 87' lang='lat' dir='ltr'><strong>propter</strong></span> <span class='ocrx_word' id='word_1_163' title='bbox 996 2943 1083 3031; x_wconf 88' lang='lat' dir='ltr'><strong>quod</strong></span> <span class='ocrx_word' id='word_1_164' title='bbox 1107 2943 1177 3030; x_wconf 91' lang='lat' dir='ltr'><strong>ipso</strong></span> <span class='ocrx_word' id='word_1_165' title='bbox 1204 2949 1279 3010; x_wconf 88' lang='lat' dir='ltr'><strong>astu</strong></span> <span class='ocrx_word' id='word_1_166' title='bbox 1302 2943 1641 3011; x_wconf 78' lang='lat' dir='ltr'><strong>exeommunicationis</strong></span> <span class='ocrx_word' id='word_1_167' title='bbox 1664 2944 1856 3011; x_wconf 79' lang='lat' dir='ltr'><strong>sententiam</strong></span> 
     </span>
     <span class='ocr_line' id='line_1_18' title="bbox 386 3078 1857 3169; baseline 0 -20"><span class='ocrx_word' id='word_1_168' title='bbox 386 3081 596 3149; x_wconf 84' lang='lat' dir='ltr'><strong>inoum‘sasnt</strong></span> <span class='ocrx_word' id='word_1_169' title='bbox 611 3133 619 3148; x_wconf 91' lang='lat'><strong>.</strong></span> <span class='ocrx_word' id='word_1_170' title='bbox 635 3082 699 3148; x_wconf 87' lang='lat' dir='ltr'><strong>nisi</strong></span> <span class='ocrx_word' id='word_1_171' title='bbox 713 3103 859 3148; x_wconf 89' lang='lat' dir='ltr'><strong>exoessus</strong></span> <span class='ocrx_word' id='word_1_172' title='bbox 875 3081 1018 3169; x_wconf 83' lang='lat' dir='ltr'><strong>ipsomm</strong></span> <span class='ocrx_word' id='word_1_173' title='bbox 1032 3083 1114 3148; x_wconf 87' lang='lat' dir='ltr'><strong>esset</strong></span> <span class='ocrx_word' id='word_1_174' title='bbox 1129 3078 1268 3148; x_wconf 74' lang='lat' dir='ltr'><strong>difficilis</strong></span> <span class='ocrx_word' id='word_1_175' title='bbox 1281 3085 1315 3147; x_wconf 90' lang='lat' dir='ltr'><strong>et</strong></span> <span class='ocrx_word' id='word_1_176' title='bbox 1333 3081 1473 3149; x_wconf 85' lang='lat' dir='ltr'><strong>enormis</strong></span> <span class='ocrx_word' id='word_1_177' title='bbox 1495 3131 1504 3146; x_wconf 89' lang='lat'><strong>.</strong></span> <span class='ocrx_word' id='word_1_178' title='bbox 1527 3085 1641 3168; x_wconf 86' lang='lat' dir='ltr'><strong>utpote</strong></span> <span class='ocrx_word' id='word_1_179' title='bbox 1662 3081 1692 3148; x_wconf 92' lang='lat' dir='ltr'><strong>si</strong></span> <span class='ocrx_word' id='word_1_180' title='bbox 1713 3085 1797 3148; x_wconf 67' lang='lat' dir='ltr'><strong>emet</strong></span> <span class='ocrx_word' id='word_1_181' title='bbox 1817 3081 1857 3149; x_wconf 72' lang='lat' dir='ltr'><strong>sel</strong></span> 
     </span>
     <span class='ocr_line' id='line_1_19' title="bbox 387 3217 1857 3308; baseline 0 -22"><span class='ocrx_word' id='word_1_182' title='bbox 387 3219 627 3288; x_wconf 88' lang='lat' dir='ltr'><strong>mutilationem</strong></span> <span class='ocrx_word' id='word_1_183' title='bbox 640 3217 778 3288; x_wconf 87' lang='lat' dir='ltr'><strong>membri</strong></span> <span class='ocrx_word' id='word_1_184' title='bbox 792 3219 846 3287; x_wconf 84' lang='lat' dir='ltr'><strong>vel</strong></span> <span class='ocrx_word' id='word_1_185' title='bbox 859 3219 1028 3308; x_wconf 76' lang='lat' dir='ltr'><strong>sangrrinis</strong></span> <span class='ocrx_word' id='word_1_186' title='bbox 1042 3219 1232 3287; x_wconf 80' lang='lat' dir='ltr'><strong>effirsionsm</strong></span> <span class='ocrx_word' id='word_1_187' title='bbox 1246 3240 1426 3306; x_wconf 88' lang='lat' dir='ltr'><strong>prooessum</strong></span> <span class='ocrx_word' id='word_1_188' title='bbox 1441 3222 1499 3286; x_wconf 87' lang='lat' dir='ltr'><strong>aut</strong></span> <span class='ocrx_word' id='word_1_189' title='bbox 1520 3218 1664 3286; x_wconf 85' lang='lat' dir='ltr'><strong>violenta</strong></span> <span class='ocrx_word' id='word_1_190' title='bbox 1684 3239 1803 3286; x_wconf 79' lang='lat' dir='ltr'><strong>manus</strong></span> <span class='ocrx_word' id='word_1_191' title='bbox 1823 3218 1857 3286; x_wconf 87' lang='lat' dir='ltr'><strong>iu</strong></span> 
     </span>
     <span class='ocr_line' id='line_1_20' title="bbox 387 3354 1859 3443; baseline 0.001 -20"><span class='ocrx_word' id='word_1_192' title='bbox 387 3355 570 3443; x_wconf 88' lang='lat' dir='ltr'><strong>episeopum</strong></span> <span class='ocrx_word' id='word_1_193' title='bbox 601 3355 654 3422; x_wconf 87' lang='lat' dir='ltr'><strong>vel</strong></span> <span class='ocrx_word' id='word_1_194' title='bbox 683 3354 835 3424; x_wconf 87' lang='lat' dir='ltr'><strong>abbatem</strong></span> <span class='ocrx_word' id='word_1_195' title='bbox 866 3355 988 3443; x_wconf 80' lang='lat' dir='ltr'><strong>iujeots</strong></span> <span class='ocrx_word' id='word_1_196' title='bbox 1016 3377 1091 3422; x_wconf 89' lang='lat' dir='ltr'><strong>omn</strong></span> <span class='ocrx_word' id='word_1_197' title='bbox 1119 3377 1264 3423; x_wconf 86' lang='lat' dir='ltr'><strong>exoessus</strong></span> <span class='ocrx_word' id='word_1_198' title='bbox 1291 3355 1375 3424; x_wconf 77' lang='lat' dir='ltr'><strong>telos</strong></span> <span class='ocrx_word' id='word_1_199' title='bbox 1403 3359 1437 3424; x_wconf 93' lang='lat' dir='ltr'><strong>et</strong></span> <span class='ocrx_word' id='word_1_200' title='bbox 1466 3355 1588 3424; x_wconf 87' lang='lat' dir='ltr'><strong>similes</strong></span> <span class='ocrx_word' id='word_1_201' title='bbox 1614 3357 1684 3423; x_wconf 86' lang='lat' dir='ltr'><strong>sine</strong></span> <span class='ocrx_word' id='word_1_202' title='bbox 1711 3356 1859 3424; x_wconf 71' lang='lat' dir='ltr'><strong>monto</strong></span> 
     </span>
     <span class='ocr_line' id='line_1_21' title="bbox 387 3490 1859 3581; baseline 0.001 -22"><span class='ocrx_word' id='word_1_203' title='bbox 387 3497 551 3580; x_wconf 87' lang='lat' dir='ltr'><strong>nequeant</strong></span> <span class='ocrx_word' id='word_1_204' title='bbox 564 3492 721 3580; x_wconf 75' lang='lat' dir='ltr'><strong>preteriri</strong></span> <span class='ocrx_word' id='word_1_205' title='bbox 760 3490 797 3559; x_wconf 77' lang='lat' dir='ltr'><strong>si</strong></span> <span class='ocrx_word' id='word_1_206' title='bbox 814 3514 889 3560; x_wconf 82' lang='lat' dir='ltr'><strong>vero</strong></span> <span class='ocrx_word' id='word_1_207' title='bbox 910 3492 947 3559; x_wconf 89' lang='lat' dir='ltr'><strong>in</strong></span> <span class='ocrx_word' id='word_1_208' title='bbox 968 3492 1097 3560; x_wconf 87' lang='lat' dir='ltr'><strong>olerioos</strong></span> <span class='ocrx_word' id='word_1_209' title='bbox 1118 3493 1273 3561; x_wconf 71' lang='lat' dir='ltr'><strong>seoulam</strong></span> <span class='ocrx_word' id='word_1_210' title='bbox 1294 3513 1410 3561; x_wconf 75' lang='lat' dir='ltr'><strong>maurus</strong></span> <span class='ocrx_word' id='word_1_211' title='bbox 1430 3491 1603 3581; x_wconf 82' lang='lat' dir='ltr'><strong>injeearint</strong></span> <span class='ocrx_word' id='word_1_212' title='bbox 1621 3543 1629 3559; x_wconf 85' lang='lat'><strong>.</strong></span> <span class='ocrx_word' id='word_1_213' title='bbox 1645 3515 1705 3581; x_wconf 90' lang='lat' dir='ltr'><strong>pro</strong></span> <span class='ocrx_word' id='word_1_214' title='bbox 1726 3493 1859 3562; x_wconf 82' lang='lat' dir='ltr'><strong>vitando</strong></span> 
     </span>
     <span class='ocr_line' id='line_1_22' title="bbox 389 3603 1859 3718; baseline 0.001 -22"><span class='ocrx_word' id='word_1_215' title='bbox 389 3629 539 3696; x_wconf 84' lang='lat' dir='ltr'><strong>seandalo</strong></span> <span class='ocrx_word' id='word_1_216' title='bbox 560 3629 735 3697; x_wconf 81' lang='lat' dir='ltr'><strong>mittantur</strong></span> <span class='ocrx_word' id='word_1_217' title='bbox 756 3631 799 3697; x_wconf 82' lang='lat' dir='ltr'><strong>ed</strong></span> <span class='ocrx_word' id='word_1_218' title='bbox 819 3631 928 3698; x_wconf 87' lang='lat' dir='ltr'><strong>sedem</strong></span> <span class='ocrx_word' id='word_1_219' title='bbox 950 3631 1157 3718; x_wconf 75' lang='lat' dir='ltr'><strong>apostolieum</strong></span> <span class='ocrx_word' id='word_1_220' title='bbox 1183 3629 1377 3698; x_wconf 78' lang='lat' dir='ltr'><strong>absolvendi</strong></span> <span class='ocrx_word' id='word_1_221' title='bbox 1422 3603 1528 3698; x_wconf 69' lang='lat' dir='ltr'><strong>Viles</strong></span> <span class='ocrx_word' id='word_1_222' title='bbox 1552 3635 1663 3698; x_wconf 86' lang='lat' dir='ltr'><strong>autem</strong></span> <span class='ocrx_word' id='word_1_223' title='bbox 1684 3631 1720 3699; x_wconf 90' lang='lat' dir='ltr'><strong>in</strong></span> <span class='ocrx_word' id='word_1_224' title='bbox 1742 3629 1859 3718; x_wconf 83' lang='lat' dir='ltr'><strong>quibus</strong></span> 
     </span>
     <span class='ocr_line' id='line_1_23' title="bbox 388 3765 1857 3854; baseline 0 -19"><span class='ocrx_word' id='word_1_225' title='bbox 388 3765 474 3835; x_wconf 87' lang='lat' dir='ltr'><strong>bona</strong></span> <span class='ocrx_word' id='word_1_226' title='bbox 487 3769 704 3854; x_wconf 83' lang='lat' dir='ltr'><strong>prodietorum</strong></span> <span class='ocrx_word' id='word_1_227' title='bbox 718 3767 859 3835; x_wconf 71' lang='lat' dir='ltr'><strong>trabum</strong></span> <span class='ocrx_word' id='word_1_228' title='bbox 872 3766 925 3834; x_wconf 87' lang='lat' dir='ltr'><strong>vel</strong></span> <span class='ocrx_word' id='word_1_229' title='bbox 938 3765 1109 3834; x_wconf 91' lang='lat' dir='ltr'><strong>hominum</strong></span> <span class='ocrx_word' id='word_1_230' title='bbox 1122 3788 1254 3835; x_wconf 85' lang='lat' dir='ltr'><strong>suornm</strong></span> <span class='ocrx_word' id='word_1_231' title='bbox 1268 3789 1325 3854; x_wconf 87' lang='lat' dir='ltr'><strong>per</strong></span> <span class='ocrx_word' id='word_1_232' title='bbox 1345 3767 1535 3834; x_wconf 84' lang='lat' dir='ltr'><strong>violentiam</strong></span> <span class='ocrx_word' id='word_1_233' title='bbox 1556 3767 1690 3836; x_wconf 79' lang='lat' dir='ltr'><strong>detenta</strong></span> <span class='ocrx_word' id='word_1_234' title='bbox 1712 3769 1857 3837; x_wconf 79' lang='lat' dir='ltr'><strong>tuerint.</strong></span> 
     </span>
     <span class='ocr_line' id='line_1_24' title="bbox 389 3902 1298 3992; baseline -0.002 -20"><span class='ocrx_word' id='word_1_235' title='bbox 389 3905 547 3991; x_wconf 86' lang='lat' dir='ltr'><strong>quamdiu</strong></span> <span class='ocrx_word' id='word_1_236' title='bbox 559 3905 607 3972; x_wconf 90' lang='lat' dir='ltr'><strong>ibi</strong></span> <span class='ocrx_word' id='word_1_237' title='bbox 620 3911 698 3973; x_wconf 89' lang='lat' dir='ltr'><strong>aunt</strong></span> <span class='ocrx_word' id='word_1_238' title='bbox 712 3905 877 3973; x_wconf 79' lang='lat' dir='ltr'><strong>intendisti</strong></span> <span class='ocrx_word' id='word_1_239' title='bbox 890 3905 1086 3973; x_wconf 84' lang='lat' dir='ltr'><strong>sententium</strong></span> <span class='ocrx_word' id='word_1_240' title='bbox 1100 3902 1298 3992; x_wconf 73' lang='lat' dir='ltr'><strong>supponatis.</strong></span> 
     </span>
    </p>

    <p class='ocr_par' dir='ltr' id='par_1_3' title="bbox 432 4064 1688 4138">
     <span class='ocr_line' id='line_1_25' title="bbox 432 4064 1688 4138; baseline 0.002 -6"><span class='ocrx_word' id='word_1_241' title='bbox 432 4064 558 4133; x_wconf 87' lang='lat' dir='ltr'><strong>Datum</strong></span> <span class='ocrx_word' id='word_1_242' title='bbox 572 4066 739 4134; x_wconf 72' lang='lat' dir='ltr'><strong>Auserem</strong></span> <span class='ocrx_word' id='word_1_243' title='bbox 755 4088 824 4134; x_wconf 71' lang='lat'>1111.</span> <span class='ocrx_word' id='word_1_244' title='bbox 841 4067 883 4134; x_wconf 91' lang='lat' dir='ltr'><strong>Id</strong></span> <span class='ocrx_word' id='word_1_245' title='bbox 897 4064 1101 4135; x_wconf 77' lang='lat' dir='ltr'><strong>Novembris</strong></span> <span class='ocrx_word' id='word_1_246' title='bbox 1146 4065 1358 4134; x_wconf 86' lang='lat' dir='ltr'><strong>Pontifieetus</strong></span> <span class='ocrx_word' id='word_1_247' title='bbox 1372 4066 1574 4138; x_wconf 88' lang='lat' dir='ltr'><strong>nostrianuo</strong></span> <span class='ocrx_word' id='word_1_248' title='bbox 1589 4071 1688 4134; x_wconf 84' lang='lat' dir='ltr'><strong>sexto.</strong></span> 
     </span>
    </p>

    <p class='ocr_par' dir='ltr' id='par_1_4' title="bbox 433 4227 1849 4318">
     <span class='ocr_line' id='line_1_26' title="bbox 433 4227 1849 4318; baseline 0.001 -21"><span class='ocrx_word' id='word_1_249' title='bbox 433 4227 504 4297; x_wconf 78' lang='lat' dir='ltr'><strong>Tho</strong></span> <span class='ocrx_word' id='word_1_250' title='bbox 518 4230 633 4296; x_wconf 87' lang='lat' dir='ltr'><strong>lesden</strong></span> <span class='ocrx_word' id='word_1_251' title='bbox 647 4229 738 4298; x_wconf 90' lang='lat' dir='ltr'><strong>bulla</strong></span> <span class='ocrx_word' id='word_1_252' title='bbox 752 4229 788 4297; x_wconf 77' lang='lat' dir='ltr'><strong>oi</strong></span> <span class='ocrx_word' id='word_1_253' title='bbox 801 4229 857 4297; x_wconf 89' lang='lat' dir='ltr'><strong>the</strong></span> <span class='ocrx_word' id='word_1_254' title='bbox 872 4229 1003 4318; x_wconf 81' lang='lat' dir='ltr'><strong>Popeis</strong></span> <span class='ocrx_word' id='word_1_255' title='bbox 1017 4227 1186 4317; x_wconf 83' lang='lat' dir='ltr'><strong>appended</strong></span> <span class='ocrx_word' id='word_1_256' title='bbox 1200 4227 1246 4316; x_wconf 83' lang='lat' dir='ltr'><strong>by</strong></span> <span class='ocrx_word' id='word_1_257' title='bbox 1259 4227 1387 4294; x_wconf 70' lang='lat' dir='ltr'><strong>smands</strong></span> <span class='ocrx_word' id='word_1_258' title='bbox 1401 4229 1438 4295; x_wconf 86' lang='lat' dir='ltr'><strong>oi</strong></span> <span class='ocrx_word' id='word_1_259' title='bbox 1448 4250 1549 4317; x_wconf 80' lang='lat' dir='ltr'><strong>green</strong></span> <span class='ocrx_word' id='word_1_260' title='bbox 1564 4229 1630 4296; x_wconf 82' lang='lat' dir='ltr'><strong>und</strong></span> <span class='ocrx_word' id='word_1_261' title='bbox 1644 4229 1765 4317; x_wconf 77' lang='lat' dir='ltr'><strong>ysllow</strong></span> <span class='ocrx_word' id='word_1_262' title='bbox 1778 4229 1849 4298; x_wconf 74' lang='lat' dir='ltr'><strong>n&#39;lk</strong></span> 
     </span>
    </p>
   </div>
   <div class='ocr_carea' id='block_1_3' title="bbox 391 4388 1861 4755">
    <p class='ocr_par' dir='ltr' id='par_1_5' title="bbox 391 4388 1861 4755">
     <span class='ocr_line' id='line_1_27' title="bbox 434 4388 1861 4492; baseline 0.001 -34"><span class='ocrx_word' id='word_1_263' title='bbox 434 4391 878 4492; x_wconf 82' lang='lat' dir='ltr'><strong>Endorsed—‘Innooentiua</strong></span> <span class='ocrx_word' id='word_1_264' title='bbox 899 4391 993 4461; x_wconf 64' lang='lat' dir='ltr'><strong>me</strong></span> <span class='ocrx_word' id='word_1_265' title='bbox 1032 4391 1111 4459; x_wconf 89' lang='lat' dir='ltr'><strong>Non</strong></span> <span class='ocrx_word' id='word_1_266' title='bbox 1125 4389 1245 4478; x_wconf 88' lang='lat' dir='ltr'><strong>absque</strong></span> <span class='ocrx_word' id='word_1_267' title='bbox 1259 4388 1389 4459; x_wconf 67' lang='lat' dir='ltr'><strong>dolore!</strong></span> <span class='ocrx_word' id='word_1_268' title='bbox 1432 4391 1503 4458; x_wconf 88' lang='lat' dir='ltr'><strong>‘De</strong></span> <span class='ocrx_word' id='word_1_269' title='bbox 1518 4389 1682 4480; x_wconf 76' lang='lat' dir='ltr'><strong>Margau&#39;</strong></span> <span class='ocrx_word' id='word_1_270' title='bbox 1721 4391 1861 4460; x_wconf 83' lang='lat' dir='ltr'><strong>‘Oontrs</strong></span> 
     </span>
     <span class='ocr_line' id='line_1_28' title="bbox 391 4527 1860 4616; baseline 0.002 -22"><span class='ocrx_word' id='word_1_271' title='bbox 391 4575 633 4594; x_wconf 92' lang='grc'><strong>........</strong></span> <span class='ocrx_word' id='word_1_272' title='bbox 656 4532 690 4596; x_wconf 88' lang='lat' dir='ltr'><strong>et</strong></span> <span class='ocrx_word' id='word_1_273' title='bbox 712 4530 894 4597; x_wconf 82' lang='lat' dir='ltr'><strong>detentores</strong></span> <span class='ocrx_word' id='word_1_274' title='bbox 913 4551 1022 4596; x_wconf 85' lang='lat' dir='ltr'><strong>rerum</strong></span> <span class='ocrx_word' id='word_1_275' title='bbox 1045 4537 1229 4596; x_wconf 87' lang='lat' dir='ltr'><strong>nostrarum</strong></span> <span class='ocrx_word' id='word_1_276' title='bbox 1254 4531 1288 4596; x_wconf 90' lang='lat' dir='ltr'><strong>st</strong></span> <span class='ocrx_word' id='word_1_277' title='bbox 1312 4550 1470 4596; x_wconf 88' lang='lat' dir='ltr'><strong>manuum</strong></span> <span class='ocrx_word' id='word_1_278' title='bbox 1495 4528 1652 4616; x_wconf 83' lang='lat' dir='ltr'><strong>injoetion</strong></span> <span class='ocrx_word' id='word_1_279' title='bbox 1675 4580 1683 4596; x_wconf 91' lang='lat'><em>.</em></span> <span class='ocrx_word' id='word_1_280' title='bbox 1709 4580 1717 4596; x_wconf 92' lang='lat'><strong>.</strong></span> <span class='ocrx_word' id='word_1_281' title='bbox 1742 4581 1751 4597; x_wconf 89' lang='lat'><strong>.</strong></span> <span class='ocrx_word' id='word_1_282' title='bbox 1776 4582 1785 4597; x_wconf 93' lang='lat'><strong>.</strong></span> <span class='ocrx_word' id='word_1_283' title='bbox 1809 4581 1817 4596; x_wconf 88' lang='lat'><strong>.</strong></span> <span class='ocrx_word' id='word_1_284' title='bbox 1841 4527 1860 4596; x_wconf 86' lang='lat'><strong>.&#39;</strong></span> 
     </span>
     <span class='ocr_line' id='line_1_29' title="bbox 391 4661 1618 4755; baseline 0.001 -24"><span class='ocrx_word' id='word_1_285' title='bbox 391 4661 438 4732; x_wconf 94' lang='lat' dir='ltr'><strong>In</strong></span> <span class='ocrx_word' id='word_1_286' title='bbox 453 4665 570 4732; x_wconf 80' lang='lat' dir='ltr'><strong>alatos</strong></span> <span class='ocrx_word' id='word_1_287' title='bbox 583 4665 726 4734; x_wconf 83' lang='lat' dir='ltr'><strong>hand-‘</strong></span> <span class='ocrx_word' id='word_1_288' title='bbox 737 4666 772 4735; x_wconf 89' lang='grc' dir='ltr'><strong>Δ</strong></span> <span class='ocrx_word' id='word_1_289' title='bbox 785 4665 984 4755; x_wconf 81' lang='lat' dir='ltr'><strong>prohibition</strong></span> <span class='ocrx_word' id='word_1_290' title='bbox 997 4670 1033 4735; x_wconf 92' lang='lat' dir='ltr'><strong>to</strong></span> <span class='ocrx_word' id='word_1_291' title='bbox 1046 4687 1178 4755; x_wconf 76' lang='lat' dir='ltr'><strong>wronge</strong></span> <span class='ocrx_word' id='word_1_292' title='bbox 1191 4665 1248 4733; x_wconf 90' lang='lat' dir='ltr'><strong>the</strong></span> <span class='ocrx_word' id='word_1_293' title='bbox 1262 4663 1385 4734; x_wconf 81' lang='lat' dir='ltr'><strong>Howss</strong></span> <span class='ocrx_word' id='word_1_294' title='bbox 1399 4664 1436 4733; x_wconf 83' lang='lat' dir='ltr'><strong>oi</strong></span> <span class='ocrx_word' id='word_1_295' title='bbox 1455 4663 1618 4752; x_wconf 67' lang='lat' dir='ltr'><strong>Mergan!</strong></span> 
     </span>
    </p>
   </div>
   <div class='ocr_carea' id='block_1_4' title="bbox 0 0 2072 5348">
    <p class='ocr_par' dir='ltr' id='par_1_6' title="bbox 0 0 2072 5348">
     <span class='ocr_line' id='line_1_30' title="bbox 0 0 2072 5348; baseline 0 0"><span class='ocrx_word' id='word_1_296' title='bbox 0 0 2072 5348; x_wconf 95' lang='lat' dir='ltr'><strong> </strong></span> 
     </span>
    </p>
   </div>
  </div>
 </body>
</html>
