4125 5359
410 654 455 721 98

409 968 549 1038 Onnum
572 970 658 1037 inter
686 970 851 1037 eoolesiam
880 968 991 1037 Sanoti
1019 968 1202 1037 Lnouaanr
1230 970 1272 1037 do
1294 967 1394 1037 Novo
1417 966 1589 1037 Ossramo
1613 974 1648 1037 et
1671 968 1837 1037 eoolssiam

364 1106 406 1177 Β.
422 1106 544 1176 Jsoom
564 1108 606 1175 do
625 1106 817 1176 &manue
840 1157 849 1174 .
870 1129 966 1195 super
985 1106 1204 1195 parmohianis
1223 1111 1258 1175 et
1278 1106 1411 1175 deoimis
1432 1128 1490 1194 por
1511 1108 1687 1175 earundem
1708 1106 1834 1175 soolesi·

362 1266 456 1313 arnm
484 1268 635 1333 personas
662 1244 728 1314 Jos
757 1244 908 1313 videlioat
935 1242 1149 1333 presbiterum
1181 1248 1216 1311 et
1248 1243 1443 1331 magistrum
1470 1242 1665 1311 Hnuarcun
1693 1242 1835 1311 Tuosne

362 1384 591 1451 contendentes
606 1380 665 1450 sub
678 1386 790 1449 nostra
803 1382 965 1469 presentia
981 1382 1090 1469 sepius
1107 1380 1266 1469 agitatam
1281 1432 1289 1447 .
1305 1381 1463 1449 desiderio
1476 1385 1510 1449 et
1523 1404 1654 1449 mensu
1666 1380 1834 1469 utriusque

362 1519 449 1588 inter
461 1520 547 1608 ipsos
561 1520 706 1589 soolssias
720 1518 954 1587 interveniente
967 1518 1131 1587 amicabili
1143 1540 1351 1606 porsonamm
1365 1518 1592 1607 oompoaitione
1605 1518 1834 1606 perpetualiter

362 1658 575 1727 diffiniuimns
600 1658 747 1727 stlitem
772 1656 959 1725 diremimus
982 1709 989 1725 .
1017 1657 1093 1725 Hoo
1113 1658 1239 1725 modo.
1264 1656 1413 1724 videlioet
1435 1655 1618 1723 Hernicus
1640 1655 1768 1724 eoolesie
1788 1657 1831 1723 do

361 1792 461 1863 Novo
481 1795 653 1863 Omnino
674 1796 833 1865 desimam
854 1794 1030 1863 Grumum
1050 1794 1208 1863 Earum
1226 1794 1464 1881 imperpetuum
1477 1792 1608 1881 reliquit
1624 1844 1631 1859 .
1647 1800 1682 1861 et
1694 1794 1832 1883 triginta

360 1956 449 2003 amns
462 1938 546 2002 terre
556 1935 597 2002 de
610 1938 696 2001 tana
709 1932 838 2001 eoolesie
851 1934 893 2001 ds
905 1932 1097 1999 Onaunrno
1109 1983 1117 1998 .
1130 1934 1232 1999 donso
1242 1932 1347 2000 eidem
1357 1930 1487 1999 eoeleste
1498 1933 1539 1999 de
1548 1929 1649 1998 Novo
1659 1929 1832 1999 ommno

360 2072 566 2139 tantumdem
579 2076 663 2139 terro
677 2071 827 2159 adquirat
847 2122 854 2137 .
870 2069 907 2137 in
920 2069 990 2137 looo
1004 2068 1245 2157 propinquiori.
1261 2073 1296 2135 et
1308 2068 1369 2135 hoo
1382 2072 1494 2135 tenore
1507 2068 1594 2136 inter
1605 2068 1673 2136 illis
1685 2070 1831 2139 moleste
1846 2158 1850 2165 Ι

358 2212 547 2295 perpetuum
572 2208 771 2275 firmavimus
795 2229 907 2295 paoem
933 2258 941 2273 .
965 2206 1115 2275 Testibus
1139 2258 1147 2273 .
1174 2205 1217 2274 R.
1242 2206 1458 2273 anaacuusl
1483 2206 1584 2275 eleeto
1608 2212 1642 2273 ot
1662 2206 1687 2275 J
1686 2228 1829 2275 onam

358 2342 575 2411 anmoaum
595 2344 793 2411 thesaurario
817 2395 824 2409 .
848 2349 883 2411 et
904 2343 1033 2411 Tuom
1055 2342 1295 2412 Inunonmnm
1326 2394 1334 2410 .
1365 2347 1399 2411 st
1418 2342 1453 2411 J.
1474 2343 1742 2411 Senasanaueum
1765 2397 1773 2412 .
1795 2349 1831 2413 et

359 2478 434 2548 R1o.
452 2478 582 2549 Oasrnn
598 2531 606 2546 .
622 2482 710 2567 apud
725 2479 956 2548 Osunuaumn
970 2504 1057 2548 anno
1071 2480 1112 2549 ab
1126 2480 1346 2548 inonrnationo
1360 2479 1506 2548 Domini.
1529 2492 1579 2547 πθ·
1592 2492 1631 2548 0⁰·
1646 2492 1690 2548 ιθ·
1703 2494 1785 2549 11110·

401 2628 476 2697 Sem
494 2652 587 2718 gone.

401 2778 472 2847 The
486 2782 575 2847 word
589 2779 845 2848 Omoorernuu
860 2779 887 2847 is
902 2786 957 2848 out
973 2780 1127 2868 through,
1143 2784 1178 2847 at
1191 2780 1248 2847 tho
1261 2784 1318 2867 top
1334 2780 1370 2847 of
1390 2780 1447 2848 the
1461 2780 1606 2849 Charter.

400 2928 625 2996 Endorsod-‘
635 2926 871 2997 Testimonium
885 2928 1127 3017 Arohiepisoopi
1140 2928 1380 2998 Cantuarionsis
1395 2932 1437 2999 de
1458 2932 1671 2999 oontroversia
1685 2954 1748 3018 quo
1762 2932 1829 3001 init

356 3068 442 3135 inter
456 3068 620 3136 eoolonam
635 3070 676 3136 ds
690 3068 836 3137 Kenoteo
851 3073 885 3136 et
897 3066 989 3135 illam
1003 3069 1045 3135 de
1058 3068 1154 3137 Novo
1169 3068 1330 3152 Omtello,’
1353 3072 1421 3139 and
1442 3072 1478 3138 in
1499 3095 1520 3138 a
1536 3072 1619 3141 later
1631 3072 1730 3155 hand,
1753 3072 1829 3141 ‘Do

357 3204 511 3291 Stormy.’

1042 3493 1149 3563 DOX.

383 3655 671 3727 PRIVILEGES
701 3656 930 3725 GRAN'PED
960 3656 1027 3725 BY
1056 3658 1231 3751 HENRY
1259 3660 1310 3727 Π.
1341 3660 1400 3728 ΤΟ
1429 3660 1598 3729 ΝΕΑΤΗ
1625 3661 1798 3730 ABBEY.
1942 3684 1946 3687 ’

772 3818 926 3911 [P.R.O.,
942 3820 1105 3889 Mlsouan.
1122 3822 1246 3905 Boous,
1260 3820 1345 3889 Von,
1361 3820 1410 3912 1.]
1556 3824 1780 3891 1154—1189.

400 3982 582 4051 Huumcus
597 3982 670 4050 Rex
687 3982 828 4050 Aroma
850 3989 884 4051 ot
905 3982 984 4051 Dux
1006 3982 1223 4051 Nomium
1245 3992 1279 4053 et
1300 3986 1499 4057 Aeonem
1519 3993 1553 4055 et
1571 3987 1687 4057 Oomas
1706 3988 1826 4057 Auor-

356 4142 461 4187 envm
484 4122 671 4209 justiciariis
692 4126 726 4189 et
746 4120 985 4189 vioeoomitibus
1006 4126 1040 4189 et
1062 4122 1218 4191 ministris
1240 4122 1307 4191 siris
1329 4124 1469 4193 Auem
1495 4130 1529 4194 et
1553 4126 1770 4194 Nouissume
1793 4133 1828 4195 et

357 4256 506 4327 Wnnmn
522 4264 555 4326 st
569 4264 722 4347 portuum
736 4258 834 4327 maris
848 4260 994 4327 salutem.

399 4395 546 4484 Prooipio
572 4398 659 4484 quod
684 4396 760 4485 equi
785 4402 818 4465 et
846 4396 992 4465 hominos
1020 4404 1055 4464 et
1082 4420 1194 4466 omnes
1221 4422 1272 4467 res
1296 4400 1527 4469 monnohorum
1548 4402 1589 4469 de
1614 4402 1721 4471 Nm
1746 4426 1826 4491 quas

355 4532 502 4603 homines
516 4536 566 4603 sui
580 4540 734 4623 potenmt
748 4536 879 4603 affidare
894 4558 967 4604 suas
977 4558 1045 4603 esse
1054 4537 1200 4624 proprias
1209 4536 1276 4604 sint
1289 4517 1398 4624 quiete
1411 4539 1453 4606 do
1466 4538 1618 4607 theloneo
1630 4544 1665 4608 et
1677 4540 1825 4629 passagio

354 4676 388 4739 et
402 4672 556 4761 portagio
571 4677 605 4739 et
619 4670 708 4739 omni
723 4644 953 4741 eonsuetudins
967 4696 1024 4761 per
1043 4677 1147 4742 totam
1167 4678 1287 4741 terram
1308 4698 1424 4743 meam.
1469 4675 1517 4744 ut
1529 4676 1683 4765 prohibeo
1696 4678 1827 4766 nequis

353 4828 408 4876 eos
421 4808 498 4877 inde
511 4809 634 4898 injuste
649 4808 808 4877 disturbet
822 4832 918 4898 super
932 4830 965 4878 x.
981 4810 1081 4879 libras
1093 4812 1305 4881 foristaoture.
1350 4810 1457 4896 Teste,
1472 4818 1522 4881 ate
1549 4864 1825 4883 .........
