4125 5359
1594 598 1639 665 49

206 914 317 983 cilicum
332 911 489 981 celebrere
506 912 664 1001 disponit
682 908 869 979 Lunncnm
889 910 925 977 in
946 909 1119 979 nativitete
1139 908 1233 979 beete
1252 932 1377 997 semper
1390 909 1528 997 virginis
1544 908 1676 979 Mrem

206 1051 382 1139 Propteree
406 1050 600 1139 precipimus
620 1052 660 1117 ut
684 1048 720 1115 in
743 1047 870 1135 prefato
886 1046 1026 1115 termino
1048 1048 1084 1115 iu
1107 1048 1221 1116 eodem
1238 1048 1308 1117 loco
1327 1046 1421 1116 nobis
1442 1070 1587 1115 occurres
1603 1070 1679 1119 cum

205 1188 480 1257 archidiaconibus
498 1192 533 1255 et
553 1184 724 1255 abbatibus
746 1190 780 1253 et
804 1184 964 1273 prioribus
985 1190 1053 1253 tutte
1078 1185 1246 1267 dioceseos,
1269 1186 1313 1253 sd
1337 1184 1558 1253 definiendum
1582 1206 1678 1272 super

204 1326 345 1417 negotis
363 1324 580 1394 ecelesiasticis
600 1330 634 1392 et
655 1325 698 1392 sd
716 1320 960 1390 inicumundum
981 1344 1039 1391 seu
1056 1322 1282 1413 corrigendum
1302 1344 1377 1413 quie
1397 1322 1604 1390 informanda
1625 1322 1678 1390 vel

203 1464 349 1531 docende
363 1486 419 1531 seu
433 1463 623 1551 corrigendus
636 1460 781 1529 docuerit
798 1460 958 1529 sententie
971 1461 1207 1529 convocetionis
1219 1464 1348 1529 nostroe.

259 1599 362 1647 Gounoil
377 1600 404 1647 ot
425 1599 527 1647 bondon
543 1612 571 1647 or
585 1598 768 1657 westminster,
783 1595 827 1645 seh
842 1610 870 1644 or
885 1598 929 1644 eth
944 1598 971 1645 ot
991 1598 1143 1659 September,
1159 1600 1226 1658 llio,
1241 1612 1273 1645 mr
1290 1598 1428 1659 discipline,
1446 1598 1496 1646 sud
1512 1597 1613 1657 spsinst
1630 1597 1673 1645 the

205 1684 377 1733 immorslltiee
387 1685 414 1733 ot
424 1686 520 1745 priests
553 1684 683 1744 (dioboles
692 1696 717 1743 p.
727 1682 791 1741 2³4.)

866 1946 1015 2015 DLVII.

205 2080 458 2151 CARDINAL
498 2082 688 2153 Leonum
728 2082 893 2153 JOHN’S
933 2081 1250 2151 INDUDGENOE
1290 2080 1345 2150 IN
1383 2079 1582 2150 FAVOUR
1617 2079 1679 2149 OF

316 2204 416 2275 THE
434 2206 796 2277 sonuumuuous
817 2206 875 2276 ΤΟ
896 2206 997 2276 ’ῙἯΕ
1015 2206 1323 2276 Ruuunmme
1340 2206 1401 2275 OF
1417 2205 1679 2275 munuum

316 2330 619 2401 onuHuDRAL.

558 2468 708 2559 [comm
723 2468 819 2538 MSS.
865 2468 1055 2537 Vmunurue
1069 2466 1106 2537 0.
1121 2468 1167 2537 X
1183 2469 1209 2537 i.
1225 2470 1268 2537 32
1282 2467 1333 2557 b.]
1406 2469 1632 2536 nos-1133.

206 2605 433 2673 Exnormc
454 2604 478 2675 J
478 2628 630 2675 casurus
651 2628 851 2675 reuersurum
872 2607 1084 2675 Osumunnue
1104 2629 1147 2673 nu
1167 2606 1301 2675 Lucem
1326 2606 1487 2674 &usum
1510 2627 1677 2675 nocuusln

382 2740 487 2787 susus
509 2740 552 2786 nu
575 2740 790 2787 runnousmo
818 2742 862 2787 sn
890 2742 932 2787 no
958 2741 1047 2786 nnus
1074 2740 1225 2787 omnus
1251 2740 1505 2787 suxmmronuus

701 2831 965 2901 Lennsvuuesu
991 2852 1185 2899 sconnslnm

251 2966 369 3035 Freter
392 2966 577 3037 domuum
599 2974 719 3037 mnne
743 2970 905 3039 Romnum
927 2970 1068 3039 ecclesie
1088 2969 1245 3057 presbiter
1269 2968 1452 3037 Gurdinslie
1475 2974 1510 3037 et
1534 2969 1681 3059 Isgetus

209 3104 359 3173 fidelibus
375 3105 525 3175 omnibus
537 3128 596 3194 per
609 3106 779 3175 Assumit
794 3112 827 3174 et
842 3108 998 3175 Wsnmu
1013 3106 1197 3175 constitutis
1209 3108 1347 3175 sulutem
1365 3111 1399 3174 et
1412 3107 1678 3177 benedictionem

251 3240 309 3310 Ad
328 3240 592 3311 Lennsvsnsms
606 3244 771 3313 ecclesium
785 3267 826 3313 ex
841 3244 950 3313 debito
964 3250 1085 3313 noetroe
1101 3244 1273 3333 legationis
1289 3246 1475 3313 secedentes
1491 3250 1525 3313 et
1541 3268 1678 3332 peuper·

209 3382 277 3447 tete
291 3400 475 3467 oppressum
489 3386 524 3449 et
536 3380 629 3449 bonis
643 3382 709 3450 suis
723 3404 760 3451 ec
770 3380 1020 3469 possessionibus
1029 3382 1227 3471 expolietem
1236 3384 1428 3451 invenimus
1454 3382 1679 3453 Veruntamen

208 3514 399 3585 venenebilis
409 3518 510 3587 buter
517 3523 626 3587 noster
633 3518 804 3589 Unesnus
812 3521 959 3609 ejusdem
967 3520 1029 3589 loci
1038 3520 1203 3607 episcopus
1210 3520 1375 3589 ecclesium
1382 3520 1680 3608 ipsumreediflcene

207 3676 231 3721 e
252 3654 475 3723 fundamentis
496 3656 627 3745 incepit,
649 3656 737 3745 quod
760 3658 829 3725 sine
854 3658 1102 3726 elemosinarum
1122 3663 1301 3727 scemenum
1322 3658 1453 3725 auxiliis
1472 3682 1540 3727 non
1560 3660 1702 3746 peterit.

208 3812 438 3860 consummem.
499 3792 667 3881 Regem
694 3794 805 3882 iteque
840 3794 1085 3863 univereitetem
1112 3798 1252 3863 veebum
1280 3799 1315 3863 et
1341 3796 1561 3865 remissionem
1588 3795 1680 3867 vobis

207 3928 415 4018 injungimus
428 3936 641 4017 peccatorum,
663 3936 702 4001 ut
722 3932 830 4001 locum
848 3932 956 4019 ipsum
972 3932 1135 4001 beneficiis
1148 3932 1263 4001 vesun
1276 3938 1310 4000 et
1322 3933 1504 4001 elemosinis
1516 3932 1632 4021 juvere
1644 3938 1680 4003 et

207 4070 389 4135 menum
412 4067 526 4135 velitis
572 4068 644 4137 Noe
672 4091 800 4156 quoque
828 4069 864 4135 in
889 4068 1082 4137 beneficium
1104 4090 1163 4137 vos
1184 4074 1218 4137 et
1240 4068 1400 4137 omtcnes
1423 4070 1536 4139 metris
1560 4076 1680 4141 nosne

210 4202 373 4271 Romnum
386 4204 525 4273 eceleeise
540 4206 735 4293 suscepimus
749 4206 990 4295 indulgentium
1006 4204 1140 4295 [quem]
1154 4204 1437 4274 Onnuunumnees
1451 4207 1679 4297 nrohiepiscopi

208 4340 357 4411 fecerunt
377 4342 551 4429 apostolice
571 4342 761 4411 suctoritete
782 4344 956 4413 firmuutee.
1006 4342 1158 4412 Preteree
1178 4344 1221 4411 de
1241 4342 1466 4411 hsbundeutie
1486 4346 1571 4415 sedis
1583 4369 1679 4435 epos·

208 4476 316 4545 tolita
337 4478 472 4545 xrm⁰¹¹²
496 4478 587 4548 vobis
611 4480 680 4548 dies
707 4481 749 4547 de
777 4484 884 4549 vestre
911 4481 1108 4551 remittimus
1135 4480 1339 4569 poenitentie.
1393 4480 1588 4551 Obodientes
1624 4504 1681 4553 vce

208 4614 343 4685 monim
361 4614 480 4685 noetis
500 4616 607 4705 gretie
628 4616 741 4685 divine
761 4618 930 4687 custodiet.

722 4752 820 4841 (Reee
834 4754 918 4825 LL.
934 4778 989 4845 pp.
1005 4758 1060 4840 46,
1075 4758 1166 4845 589.)
