4125 5359
392 596 435 661 66

391 910 444 979 Ut
464 910 597 981 liberius
620 916 654 980 ct
673 912 742 979 sine
761 912 891 998 querele
910 912 994 981 servi
1012 912 1078 981 Dei
1096 914 1226 981 vulserit
1245 913 1365 982 divinis
1384 936 1496 983 vacere
1515 914 1675 1004 obsequiis
1695 924 1819 987 contro-

346 1049 458 1118 versiae
481 1049 567 1117 inter
589 1048 724 1117 betrem
748 1054 895 1117 noenum
920 1050 1102 1118 Unusnuu
1128 1050 1392 1119 Lennnvrussn
1416 1053 1600 1142 episcopum
1621 1058 1657 1123 et
1674 1056 1820 1124 ecclesius

346 1186 466 1256 Deum
496 1192 529 1255 et
558 1186 841 1255 Hsurourursnu
870 1186 994 1275 agitate
1022 1188 1198 1257 terminum
1232 1189 1414 1276 proximem
1447 1190 1646 1259 mediantem
1681 1194 1817 1279 quodne·

347 1326 503 1414 gesimam
525 1324 712 1393 indiximus.
769 1324 926 1399 Quocirca
951 1324 1116 1394 nobilitati
1143 1331 1210 1395 mm
1238 1328 1431 1395 mundemus
1455 1332 1616 1416 quatenus
1640 1328 1748 1397 eidem
1773 1328 1817 1396 U.

346 1463 493 1552 episcopo
526 1463 654 1531 nullum
691 1464 726 1530 in
762 1462 921 1531 veniendo
957 1464 1000 1530 ed
1035 1486 1096 1530 noe
1130 1469 1190 1531 eut
1224 1462 1319 1532 rebus
1355 1464 1422 1531 euis
1456 1463 1726 1553 impedimentum
1762 1470 1819 1533 eut
1871 1546 1874 1551 ,

345 1601 585 1669 incommodum
598 1600 699 1669 focius
712 1623 817 1688 neque
832 1600 873 1668 eb
888 1600 960 1668 eliis
975 1600 1090 1669 inferri
1103 1601 1280 1689 permittes.

388 1763 513 1832 Datum
528 1764 710 1833 Lnrnmr
725 1764 820 1832 nonis
835 1763 990 1832 Octobris

861 1926 960 2013 (Reee
980 1925 1065 1994 Ιώ
1080 1949 1135 2014 pp.
1152 1928 1206 2009 88,
1221 1928 1312 2014 679.)

997 2226 1163 2297 DLXIV.

343 2388 476 2459 BULL
504 2389 566 2459 OF
595 2388 715 2457 POPE
741 2387 991 2457 HONORI'US
1014 2388 1064 2457 II.
1088 2388 1147 2457 ΤΟ
1169 2387 1270 2457 THE
1290 2388 1601 2458 ARUHBISHOP
1624 2389 1684 2458 OF
1706 2388 1815 2459 CAN·

452 2526 695 2610 TuRBURY,
729 2525 1026 2596 RESPEOTING
1061 2526 1162 2595 THE
1199 2525 1546 2599 CONTROVBRSY
1576 2525 1816 2597 BETWEEN

279 2632 290 2669 '
400 2754 403 2759 .
452 2663 628 2734 cremor
671 2664 843 2732 nuncu
886 2662 990 2733 nun
1034 2662 1135 2733 mm
1178 2663 1378 2734 sunone
1418 2663 1480 2733 or
1521 2662 1585 2732 er.
1626 2660 1817 2732 nnvm’s

453 2802 557 2871 Aur>
594 2802 869 2871 nnsnrcun.

716 2962 864 3052 [Omnes
881 2963 978 3033 MSS.
1022 2965 1214 3036 Vrrucmue
1233 2964 1318 3033 ΟΧ
1334 2963 1359 3031 f.
1375 2962 1447 3053 30.]
1519 2963 1540 3030 7
1562 2961 1653 3045 Ocu,
1677 2962 1773 3029 1128.

388 3128 572 3198 Hououme
586 3134 646 3197 etc.
659 3133 718 3196 etc.
730 3127 795 3196 Dei
805 3127 981 3196 venerabili
994 3128 1091 3196 fratri
1101 3126 1298 3198 Wmnrnuo
1309 3126 1567 3196 Onrwuumum
1582 3124 1829 3233 nrcbiepieocpc⁶

346 3266 518 3357 apostolice
532 3265 615 3333 sedis
629 3266 738 3355 legato
752 3266 889 3334 sulutem
904 3269 938 3333 st
951 3267 1159 3353 apostolicum
1172 3264 1438 3334 benedictionem.

389 3402 444 3471 Ex
466 3404 616 3492 injuncte
638 3403 731 3472 nobie
756 3426 776 3469 e
801 3402 932 3470 domino
952 3403 1080 3472 ecclesie
1099 3402 1164 3472 Dei
1185 3427 1263 3471 cure
1282 3408 1317 3471 et
1336 3402 1541 3490 providentie
1562 3399 1701 3489 singulis
1726 3421 1817 3468 suum

346 3541 500 3610 debemus
534 3542 696 3629 justitium
732 3563 926 3624 conservare,
956 3546 995 3609 ut
1027 3542 1241 3610 controversie
1275 3562 1350 3630 quse
1385 3541 1472 3607 inter
1507 3538 1643 3606 irenem
1671 3542 1817 3606 nostrum

347 3677 528 3746 Ueserim
550 3676 812 3748 menevenses
834 3679 1018 3767 episcopum
1040 3684 1074 3747 et
1094 3678 1259 3747 ecclesiam
1272 3675 1385 3745 Heneti
1401 3675 1521 3744 Deum
1536 3678 1570 3742 et
1583 3661 1815 3741 Hermum·

347 3838 414 3883 snm
449 3816 575 3903 agitate
611 3821 669 3898 est,
699 3816 795 3904 juxto
823 3816 958 3885 rationis
986 3820 1020 3883 et
1048 3814 1184 3904 justitiis
1213 3814 1378 3881 tramitem
1406 3812 1607 3893 terminetur,
1636 3810 1818 3897 proximem

346 3952 543 4022 mediantem
569 3954 849 4042 quadregesimnm
877 3954 1053 4021 terminum
1080 3951 1268 4020 indiximus.
1312 3950 1367 4019 Ne
1396 3947 1500 4038 igitur
1527 3946 1690 4035 predictis
1718 3947 1819 4017 freter

346 4094 455 4159 noster
483 4089 654 4157 Umerus
682 4090 848 4179 episcopus
876 4090 1001 4177 aliquid
1032 4090 1068 4158 iu
1103 4088 1262 4157 veniendo
1291 4089 1337 4193 ed
1368 4108 1428 4155 nos
1460 4088 1519 4153 ent
1547 4084 1584 4152 in
1616 4084 1690 4153 eliis
1723 4082 1819 4153 rebus

347 4228 586 4297 incommodum
608 4228 660 4295 vel
681 4228 911 4296 detrimentum
933 4228 1090 4297 sustinect
1110 4226 1324 4295 fraumitetie
1343 4229 1411 4293 tuoe
1432 4222 1614 4292 sollicitudo
1632 4220 1810 4310 provident

390 4389 516 4459 Detum
529 4389 721 4473 Lemnum,
736 4390 772 4459 N
773 4392 843 4459 onis
858 4390 1014 4459 Octobris.

865 4554 963 4643 (Reos
976 4552 1060 4623 L.L.
1075 4576 1130 4641 pp.
1146 4553 1201 4634 38,
1216 4550 1306 4638 578.)
