4125 5359
412 548 433 613 6

364 860 378 927 i
390 858 481 927 blein
495 862 542 948 dy
556 861 604 929 ult
617 862 778 930 Mmcnm
792 886 829 932 er
842 865 905 951 hyt
918 864 948 931 ir
962 863 1009 931 ult
1022 864 1059 931 di
1073 864 1252 952 Duunnm'
1276 874 1362 955 tm
1383 867 1598 936 Dunuuusou
1618 866 1675 934 het
1694 865 1742 934 D1
1761 866 1838 934 Nes

363 996 554 1065 Ounnuuuu
569 1024 606 1065 er
619 999 682 1087 hyt
695 1023 737 1087 yr
753 1001 853 1089 oehyr
866 1002 924 1070 het
937 1025 974 1069 ur
990 1025 1112 1090 oyueyr
1132 1003 1211 1071 bien
1233 1003 1401 1073 Guununu
1421 1027 1459 1071 ur
1479 1003 1531 1071 hit
1551 1002 1711 1071 Oneum
1732 1002 1837 1071 eithni

361 1133 420 1203 het
433 1134 589 1203 Lucnuu.

873 1251 972 1337 (Reos
985 1250 1069 1319 L.L.
1086 1274 1140 1339 pp.
1159 1253 1232 1333 132,
1249 1254 1337 1342 381.)

415 1397 453 1457 (1)
470 1396 522 1445 The
532 1397 607 1445 Geili
618 1399 716 1459 ueniet,
726 1400 752 1447 in
764 1398 931 1447 Gurmerthen.

414 1482 460 1541 (ty
468 1480 521 1529 The
531 1482 597 1531 river
607 1482 735 1543 Linohwn
745 1483 824 1531 which
835 1484 930 1532 divides
940 1480 1102 1545 Llengenydd
1112 1484 1177 1531 from
1187 1483 1317 1533 Llnndeiio
1326 1484 1460 1545 Telybont.

412 1566 450 1627 (8)
466 1565 519 1614 The
530 1566 616 1613 Dulnis
625 1568 711 1627 brook‚
722 1568 747 1615 in
759 1568 918 1629 enmorgan.
929 1570 1009 1617 which
1019 1569 1078 1616 tells
1087 1568 1142 1617 into
1152 1569 1195 1617 the
1205 1568 1326 1616 Idwehwr
1335 1573 1363 1617 et
1372 1568 1571 1617 Ponnrddunm

1017 1852 1172 1921 DXVII.

356 2014 521 2083 GRAN'I'
550 2015 617 2084 BY
646 2016 860 2098 ΜΟΒΘΑΝ,
891 2015 1016 2084 KING
1044 2014 1105 2083 OF
1135 2014 1445 2097 emonem,
1468 2013 1527 2083 ΤΟ
1557 2013 1828 2098 LLANDAFF,

464 2152 524 2221 OF
562 2154 661 2221 THE
699 2153 901 2221 OHUROH
930 2153 990 2221 OF
1020 2151 1220 2219 UYNGUR
1249 2152 1521 2220 TROSGARDI
1549 2152 1653 2221 AND
1682 2152 1828 2221 LLAN·

464 2290 735 2359 MERGUALL
771 2290 835 2358 ΟΒ
871 2288 1282 2371 ΠΔΝἙῈΒἮΔΙΜ,
1320 2288 1384 2356 OB
1423 2288 1828 2357 LLANDEIIo-Fnssf

463 2426 646 2509 wem,
678 2428 791 2495 NOW
820 2426 1009 2493 OALLED
1039 2425 1344 2508 BISHOPSTON,
1373 2426 1429 2494 IN
1459 2425 1656 2495 downnss

716 2591 860 2676 (conoe
876 2588 973 2657 MSS.
1018 2589 1208 2658 Vlunnmus
1223 2590 1306 2658 QX
1323 2590 1348 2656 f.
1364 2592 1408 2657 48
1422 2590 1468 2678 b.)

924 2752 1027 2819 Lunx
1050 2751 1259 2819 Muneusnu.

394 2902 563 2969 Momm
588 2902 661 2969 Rex
687 2902 905 2969 Moucnunuc
931 2900 1018 2969 iilius
1041 2900 1203 2968 Asnaus
1228 2902 1379 2969 olemuvit
1406 2902 1550 2988 quietum
1570 2903 1606 2969 in
1628 2904 1682 2971 die
1707 2904 1827 2973 natulis

350 3040 486 3107 Domini
513 3044 548 3106 et
575 3061 634 3125 pro
663 3038 824 3106 oblatione
849 3063 906 3105 sue
928 3038 1093 3105 eoelesiem
1118 3036 1265 3105 Ouneuu
1291 3037 1486 3106 Tuoseunm
1512 3063 1575 3126 que
1597 3040 1706 3109 fueret
1727 3046 1824 3109 unten

350 3175 499 3243 Tenum
510 3178 607 3245 simul
618 3184 651 3246 et
665 3177 808 3245 reddidit
823 3198 948 3243 summo
959 3174 1104 3261 pontifici
1114 3176 1274 3241 Ouoocuo
1288 3176 1468 3264 sanctisque
1484 3176 1640 3245 Tuumne
1654 3178 1826 3245 Dunmcio

350 3314 501 3382 omuibus
514 3315 694 3402 pastoribus
708 3314 893 3382 Lennium
908 3312 944 3380 in
958 3314 1114 3399 peipetuo
1135 3316 1169 3377 et
1190 3334 1265 3378 eum
1283 3312 1373 3383 omni
1390 3314 1550 3382 territorio
1572 3337 1629 3381 suo
1650 3320 1686 3381 et
1705 3314 1825 3383 tinibus

348 3452 415 3520 euis
429 3452 525 3519 simul
541 3474 614 3519 oum
628 3452 848 3518 Muueuunno
862 3450 951 3517 iliius
970 3448 1109 3517 eeoiesiae
1131 3448 1275 3536 principe
1297 3449 1357 3516 sub
1378 3450 1525 3537 episeopo
1546 3455 1580 3518 et
1600 3455 1705 3519 totum
1726 3450 1822 3520 liben-

348 3592 450 3655 tetem
472 3590 562 3657 dedit
583 3589 711 3657 eeeleeie
733 3592 767 3654 et
788 3588 949 3655 territorio
970 3587 1060 3653 illius
1081 3591 1115 3653 et
1135 3586 1378 3655 dominantibus
1399 3593 1433 3655 et
1453 3588 1682 3657 inhebitutmie
1709 3589 1824 3658 ineolis

348 3728 550 3815 imperpetuo
564 3733 597 3795 et
612 3727 680 3793 eine
696 3726 824 3793 oonsule
838 3731 872 3793 et
886 3726 1074 3813 prooonsnle
1088 3729 1122 3791 et
1136 3747 1210 3791 uum
1223 3722 1352 3811 refugio
1374 3727 1408 3789 et
1429 3723 1498 3790 sine
1517 3724 1723 3811 expeditione
1736 3724 1823 3792 inire

347 3864 512 3953 regionem
535 3886 592 3930 nee
607 3868 708 3943 enine,
723 3886 783 3931 neo
796 3862 839 3929 ed
853 3862 1058 3951 vigilandum
1072 3862 1126 3928 die
1143 3883 1203 3929 neo
1220 3866 1315 3928 noete
1335 3864 1370 3927 et
1391 3882 1465 3927 oum
1487 3861 1576 3927 omni
1597 3862 1821 3930 communione

346 4000 459 4070 ineolis
486 4000 523 4067 in
552 4022 664 4087 eempo
693 4004 727 4067 et
754 3998 1353 4086 insiivisinequeetinpeseuis
1398 3996 1452 4063 De
1477 3997 1822 4067 eleuioistestossunt

347 4136 527 4205 Ounocuue
556 4136 721 4223 episeopus
764 4135 904 4203 Sueeuu
933 4135 1033 4203 ebbae
1060 4134 1166 4202 Nm
1195 4132 1338 4202 (innuen
1382 4132 1523 4201 Sinone
1551 4134 1651 4203 ebbae
1678 4134 1821 4203 Dounon

347 4275 544 4344 Gonnum
573 4274 671 4343 obbes
699 4236 928 4341 Luniemnuuu
973 4272 1138 4343 (donnons
1167 4273 1316 4360 prineeps
1344 4270 1596 4339 mencines
1650 4272 1703 4342 De
1731 4274 1821 4341 luicis

344 4412 514 4480 Monesen
536 4412 610 4481 Rex
646 4412 842 4481 Gusnounu
886 4411 1064 4479 Bnnunm
1106 4410 1231 4479 Luuuu
1275 4408 1487 4475 Gmnnnnun
1509 4409 1596 4477 iilius
1617 4408 1818 4477 (deniensis

346 4549 414 4623 Qui
441 4548 627 4618 emtodierit
656 4549 816 4617 eustodint
843 4548 935 4617 illem
965 4548 1064 4617 Deus
1122 4548 1191 4621 Qui
1218 4550 1329 4615 eutem
1356 4566 1424 4613 non
1448 4546 1622 4613 servaverit
1646 4546 1820 4615 methema

344 4688 395 4757 sit
440 4688 559 4755 Amen.
