4125 5359
421 578 485 646 106

375 893 530 963 masan
554 894 707 962 bedeoim
721 916 810 963 amas
823 897 858 961 et
871 892 1041 961 dimidiam
1055 895 1173 962 scilieet
1193 916 1214 962 a
1234 900 1321 963 terra
1337 895 1559 966 Waiassioii
1579 921 1642 986 que
1658 897 1845 966 oollateralis

225 1078 228 1091 i
376 1038 425 1101 est
439 1036 523 1100 terre
536 1055 607 1099 moe
622 1054 730 1099 versus
744 1030 941 1099 assidentem
958 1082 965 1097 .
981 1054 1092 1099 xxvii.
1107 1032 1244 1120 pertioas
1257 1034 1294 1100 in
1306 1034 1481 1102 latitudine
1495 1039 1530 1103 at
1544 1035 1564 1102 d
1577 1040 1664 1103 teria
1677 1036 1846 1105 Wstsnnt

344 1210 348 1219 ν
376 1168 534 1239 Lemni
550 1192 613 1258 que
626 1169 755 1257 adjaoet
768 1174 852 1237 terre
867 1191 936 1236 mee
951 1192 1061 1237 veinis
1074 1192 1199 1237 moram
1213 1171 1378 1259 ootoginta
1398 1172 1535 1260 perticas
1551 1172 1589 1239 in
1609 1172 1846 1262 longitudinem

376 1307 424 1376 ita
446 1312 485 1375 ut
505 1311 636 1393 pratum
657 1328 766 1373 meum
787 1328 898 1373 eorum
920 1306 962 1374 sit
985 1356 993 1372 .
1017 1311 1053 1374 et
1075 1307 1103 1373 si
1128 1306 1247 1375 alieubi
1266 1308 1302 1374 in
1323 1312 1409 1376 teria
1431 1332 1504 1377 mea
1525 1310 1690 1397 potuerint
1711 1310 1845 1378 marlam

377 1444 522 1513 invenire
538 1496 545 1511 .
562 1445 698 1512 oonoedo
712 1444 759 1510 eis
772 1443 879 1511 looum
896 1444 997 1510 maile
1021 1495 1028 1510 .
1053 1446 1096 1510 ad
1116 1467 1194 1511 usus
1214 1444 1359 1533 proprios
1380 1450 1414 1513 ot
1427 1446 1515 1513 viam
1535 1447 1637 1515 maile
1650 1448 1845 1535 deportando

377 1566 479 1670 usqne
493 1583 536 1650 ad
550 1586 670 1649 terram
684 1603 776 1647 suam
792 1631 800 1646 .
816 1603 1041 1668 quamsimquo
1056 1580 1118 1649 sibi
1131 1581 1237 1649 faesia
1251 1582 1412 1651 voluerint
1426 1583 1477 1651 vel
1492 1584 1622 1673 eligere.
1655 1583 1731 1651 Hoo
1743 1572 1849 1652 totum

378 1720 515 1787 oonoedo
529 1719 624 1786 eisin
638 1722 827 1805 perpetuam
842 1722 875 1784 et
888 1740 1005 1804 puram
1020 1718 1228 1786 elemosinam
1243 1772 1251 1787 .
1267 1725 1306 1787 ut
1324 1720 1466 1789 habeant
1486 1726 1520 1788 et
1540 1726 1674 1788 teneant
1694 1720 1795 1789 libere
1816 1726 1850 1788 et

378 1856 485 1944 quiete
499 1854 542 1923 ab
556 1854 645 1923 omni
660 1854 791 1923 servioio
806 1860 839 1921 et
854 1855 987 1922 seonlaii
1002 1850 1196 1923 exaotione.⁰
1216 1856 1265 1925 Fit
1276 1862 1421 1945 pretores
1435 1860 1572 1927 oonoedo
1586 1859 1633 1927 eis
1645 1880 1850 1926 eommunam

378 1998 509 2081 pastura
523 2016 581 2082 per
594 1998 697 2062 totam
711 1996 831 2059 terram
845 2015 951 2060 meam
965 1998 1004 2061 ut
1017 1993 1159 2062 habeant
1173 1994 1256 2063 siout
1269 2018 1331 2083 ego
1344 1996 1446 2084 pratis
1460 2000 1494 2063 et
1515 1996 1678 2084 segetibus
1700 1996 1848 2083 exeeptis

381 2130 460 2199 Hiis
488 2132 624 2200 testibioe
651 2183 658 2198 .
687 2131 829 2198 Roosso
858 2134 937 2197 tuno
966 2131 1130 2198 oellamrio
1156 2132 1198 2199 de
1225 2130 1382 2200 Missis
1408 2183 1416 2199 .
1445 2133 1604 2200 donnino
1636 2155 1787 2199 eonverso
1818 2136 1851 2199 et

379 2268 546 2337 Gonwiso
567 2320 575 2336 .
596 2268 763 2337 donasse
792 2269 859 2337 fflio
888 2268 1097 2335 Hnnansnm
1128 2320 1136 2334 .
1171 2267 1298 2336 (isaii
1327 2267 1506 2336 Bonawme
1536 2320 1544 2336 .
1576 2269 1754 2337 Oananooo
1783 2268 1849 2335 filio

378 2406 541 2475 Huoosis
556 2456 564 2473 .
580 2405 758 2476 Waninno
771 2407 839 2475 filio
853 2405 1038 2473 Fossam
1058 2456 1066 2472 .
1089 2404 1295 2473 AEILWARDO
1317 2406 1533 2474 dedosane
1557 2457 1564 2473 .
1589 2404 1788 2475 Wminaiio
1809 2406 1847 2472 de

381 2544 544 2612 consen.

425 2680 495 2748 'Phe
510 2682 575 2748 seel
590 2704 684 2770 gone.

425 2818 647 2887 Endorsed-‘
654 2818 752 2886 Carta
762 2817 918 2907 Hugonis
932 2818 973 2885 de
987 2816 1153 2885 Hereford
1166 2820 1207 2886 de
1218 2817 1337 2885 min
1347 2818 1428 2886 asiis
1441 2822 1526 2885 terre
1540 2840 1621 2906 quas
1633 2816 1727 2887 nobis
1740 2816 1852 2885 dsdit’

1040 3080 1204 3149 nom

383 3217 616 3299 wmiiin,
639 3216 808 3285 nonin
833 3217 969 3285 nain
995 3188 1056 3285 os
1081 3218 1293 3300 wennm,
1317 3217 1376 3286 io
1401 3218 1674 3299 niimnnsn
1697 3214 1854 3286 innon

494 3356 554 3424 OF
577 3355 894 3439 dioeceseas,
918 3356 1021 3424 AND
1049 3356 1219 3439 Rosea,
1242 3356 1400 3439 PRIOR,
1423 3354 1735 3424 OONOERNING
1755 3352 1856 3423 THE

495 3493 697 3563 GHUROH
723 3493 783 3561 OF
809 3492 1017 3562 S'I'URMY.

755 3716 759 3725 ,
896 3616 1029 3720 [iiiii.
1051 3631 1171 3700 cmi:
1194 3632 1283 3700 seb.
1300 3630 1350 3721 a]
1654 3628 1691 3697 o.
1717 3630 1813 3697 1170.

429 3769 677 3839 Venerabilibus
712 3768 858 3857 panibus
897 3768 1092 3838 Hanniiso
1134 3768 1244 3837 abbati
1281 3768 1513 3836 (immanem
1549 3772 1583 3835 et
1618 3766 1782 3856 R[oonno
1817 3766 1860 3833 de

387 3905 569 3995 Nonwioo]
587 3907 685 3993 prisii
707 3905 888 3972 Lienosis
911 3906 1127 3975 Wininniioe
1148 3907 1289 3974 deoanus
1309 3907 1350 3973 de
1372 3904 1527 3975 Wsnnin
1549 3904 1695 3971 salutem.

432 4044 530 4119 Quod
552 4044 588 4110 in
614 4049 724 4111 nostia
745 4042 877 4110 deoania
898 4043 1039 4110 vidimus
1062 4048 1096 4111 et
1114 4044 1298 4110 audivimus
1315 4042 1377 4110 hoo
1393 4042 1533 4110 fideliter
1551 4044 1716 4108 testamur.
1762 4037 1859 4112 Quod

388 4183 480 4250 illam
494 4182 657 4250 eoelesiam
672 4183 713 4248 de
727 4180 806 4247 villa
820 4178 953 4247 Smin
969 4182 1010 4248 de
1024 4204 1091 4267 qua
1103 4180 1318 4247 oontnoveisia
1334 4180 1401 4246 fuit
1419 4180 1506 4245 inter
1528 4178 1702 4246 Rooniiois
1724 4174 1860 4243 Sinnin

389 4326 423 4389 et
437 4320 666 4388 GILEBERTUM
681 4314 892 4406 presbiterum
907 4318 947 4383 de
961 4315 1062 4384 Novo
1077 4316 1248 4384 Casinam
1264 4368 1272 4383 .
1290 4314 1492 4383 Gaoinlnos
1511 4315 1645 4383 Sanam
1664 4316 1757 4401 patei
1772 4311 1861 4378 illius

390 4458 525 4528 Roesn
549 4455 727 4523 construxit
748 4454 784 4519 iii
806 4454 885 4521 villa
906 4476 964 4522 sua
985 4454 1020 4537 in
1043 4438 1217 4522 solitudine
1238 4452 1274 4521 in
1295 4458 1384 4520 teria
1401 4475 1467 4540 qua
1487 4473 1583 4519 nemo
1605 4471 1752 4536 unquam
1772 4448 1861 4536 prius

388 4600 559 4667 araverat.
576 4598 609 4659 et
633 4616 674 4659 ex
697 4591 785 4658 illine
810 4590 985 4659 Gnosius
1009 4592 1184 4660 donatione
1197 4594 1231 4658 et
1249 4590 1486 4678 presentationo
1507 4587 1627 4675 reoepit
1650 4578 1725 4654 sam
1745 4584 1861 4663 moitis

389 4732 545 4823 presbiter
584 4736 617 4799 et
651 4726 774 4797 eunetis
802 4726 915 4796 diebus
942 4728 1010 4795 vite
1038 4750 1095 4794 sue
1126 4727 1301 4814 possedit.
1328 4730 1363 4794 et
1391 4731 1429 4796 ut
1457 4747 1571 4840 varam
1605 4723 1769 4791 fateamur
1803 4720 1861 4789 illa
