4125 5359
403 557 445 622 62

361 890 431 937 orer
449 868 552 936 Inus
567 866 639 935 Sar
654 866 790 936 Buram
812 865 887 933 Tan
902 887 1049 934 nmmos
1063 866 1221 948 Munus,
1233 866 1398 934 eoelesiem
1414 865 1515 933 Pam
1528 888 1641 933 mon
1660 866 1832 933 Mnnrmn

360 1004 532 1073 (imum
575 1005 769 1072 Mnnrnnm
784 1004 915 1072 Buosm
960 1004 1129 1072 duodeoim
1148 1027 1237 1071 eorus
1256 1026 1337 1092 quas
1357 1002 1573 1072 Wmamuus
1593 1005 1634 1071 de
1648 994 1831 1072 Osrremo

361 1143 587 1211 Lernmmm
618 1143 746 1209 soolesie
776 1142 917 1210 reddidit
947 1142 1160 1209 hassonum
1219 1142 1323 1210 Imm
1353 1142 1560 1210 &neumare
1619 1143 1830 1210 &nummus

361 1283 480 1350 Ponrer
501 1280 621 1348 Toros
666 1279 767 1346 Purra
789 1302 862 1346 mm
907 1280 1087 1347 Laruorm
1132 1278 1322 1346 curum
1366 1278 1459 1345 Cano
1478 1278 1652 1347 Geram
1697 1278 1831 1347 Gooooa

361 1418 465 1487 Nam
494 1418 642 1485 Baalim
702 1417 838 1483 Gummi
868 1417 961 1485 Lum
996 1416 1132 1483 Eamou
1191 1416 1288 1483 'ianr
1325 1416 1495 1483 aneua
1530 1416 1701 1484 mabeahea
1735 1416 1831 1485 'Pam

361 1578 533 1625 annaeum
599 1554 747 1622 Hereum
777 1576 896 1621 eunus
962 1553 1134 1620 Murram
1170 1576 1255 1621 mar
1323 1552 1427 1621 Laus
1464 1576 1552 1621 nme
1620 1553 1722 1621 ΡΜ
1760 1577 1833 1622 eoss

361 1694 461 1763 Lm
479 1716 516 1762 n1
538 1715 662 1760 rmum
713 1691 833 1759 Ponrn
857 1714 990 1760 reorum
1037 1692 1139 1759 Laus
1161 1714 1321 1759 munera
1342 1714 1454 1760 arom
1497 1692 1594 1760 Timr
1616 1715 1668 1760 1n1
1690 1715 1829 1774 monas,

362 1831 415 1899 Tu
445 1854 490 1898 ou
519 1854 596 1898 erun
653 1829 777 1898 Villam
815 1829 893 1897 Lm
930 1830 1090 1897 (imme
1125 1852 1199 1897 oum
1235 1834 1344 1917 preter
1371 1852 1468 1917 super
1500 1830 1570 1897 Gur
1606 1835 1640 1898 et
1675 1830 1834 1898 eoretibus

361 1970 427 2037 suis
441 1976 474 2035 et
488 1973 574 2036 terra
591 1968 677 2034 infra
699 1965 850 2034 Onerum
873 1990 988 2034 ouem
1010 1968 1111 2034 Peme
1134 1988 1231 2035 cmm
1253 1990 1348 2033 euru
1370 1989 1440 2035 msc
1461 1966 1606 2035 Omma
1627 1990 1737 2035 onem
1759 1990 1833 2035 oum

361 2108 442 2175 silva
471 2109 504 2173 et
531 2110 625 2193 prato
653 2109 686 2173 el:
715 2104 887 2171 maritimis
918 2127 992 2172 oum
1029 2105 1161 2172 deoimis
1196 2104 1415 2172 obleoiouibua
1447 2106 1630 2192 sepulturis,
1659 2104 1830 2173 territoriis

362 2246 500 2332 mfugiis
521 2250 554 2311 et
575 2244 678 2311 libera
699 2244 922 2310 eommunione
948 2266 1069 2310 eorum.
1117 2242 1322 2330 Quionmqne
1345 2248 1492 2331 preterea
1516 2242 1553 2309 in
1573 2242 1687 2309 futuro
1707 2242 1834 2330 prefete

363 2382 493 2450 adelesia
514 2382 673 2469 largiente
695 2379 767 2446 Deo
784 2381 882 2466 justis
905 2381 1007 2447 modis
1029 2381 1148 2468 poterit
1171 2382 1305 2469 adipisoi
1324 2383 1433 2468 quiete
1454 2381 1486 2447 ei
1508 2403 1633 2467 semper
1652 2386 1687 2447 et
1707 2379 1834 2448 illibate

363 2524 583 2609 permaneant.
627 2517 838 2586 Deeernimus
853 2540 930 2605 ergo
946 2523 984 2584 ut
998 2518 1083 2585 nulli
1094 2518 1226 2585 omnino
1237 2517 1406 2587 hominum
1416 2519 1513 2586 lioeet
1523 2519 1660 2585 eandem
1670 2518 1835 2586 eoelesiem

364 2662 484 2723 temere
499 2655 695 2743 portmbere,
711 2661 769 2723 aut
784 2656 855 2743 ejus
877 2657 1087 2743 possessiones
1108 2656 1235 2723 auferre
1257 2656 1340 2723 velle
1361 2655 1485 2723 ablatas
1505 2656 1654 2737 retinere,
1677 2656 1835 2735 minuere,

364 2794 416 2861 vel
431 2794 609 2861 temerariis
623 2794 847 2862 vexationibus
861 2794 1011 2883 tetigere,
1030 2794 1088 2860 sed
1109 2794 1219 2862 omnia
1239 2794 1270 2862 ei
1291 2815 1366 2861 oum
1387 2792 1545 2882 peroohim
1566 2794 1686 2861 finibus
1706 2794 1836 2881 integre

364 2936 592 2999 oonserventur
605 2936 674 2997 tum
689 2930 755 2997 tuis
774 2952 872 3018 quam
894 2931 1081 2999 olorinorum
1103 2936 1136 2999 et
1157 2953 1337 3019 pauperum
1358 2930 1468 2998 usibus
1488 2930 1668 3018 profutura
1713 2929 1751 2997 si
1772 2952 1837 3016 qne

364 3068 468 3157 igitur
490 3069 700 3156 imposterum
722 3068 931 3135 emlesiastioa
956 3069 1169 3155 semdarisque
1190 3068 1274 3135 haue
1294 3072 1404 3135 nostm
1424 3068 1661 3135 eonstitutionis
1681 3068 1837 3156 paginam

365 3206 468 3273 soiens
481 3210 593 3273 eontra
607 3228 679 3273 eam
693 3210 813 3273 temere
830 3206 940 3273 venire
961 3206 1178 3293 temptaverit,
1201 3206 1341 3272 seeundo
1353 3205 1491 3273 tertiove
1505 3206 1710 3287 oommonita,
1724 3206 1753 3273 si
1770 3227 1837 3273 non

367 3342 585 3410 setisieotione
621 3366 764 3431 oongrua
796 3344 1024 3425 emendaverit,
1056 3343 1225 3431 potestatis
1252 3342 1423 3409 honorisve
1451 3342 1503 3409 sui
1530 3343 1692 3431 dignitate
1719 3348 1837 3423 met,

366 3502 518 3565 reamque
533 3502 566 3547 se
581 3480 693 3547 divino
703 3480 825 3567 judioio
840 3480 977 3548 existere
991 3482 1032 3548 de
1046 3484 1232 3569 perpetrata
1244 3480 1417 3568 iniquitate
1434 3486 1614 3569 cognoseat,
1637 3488 1670 3547 et
1692 3503 1714 3547 a
1733 3502 1836 3548 eaere-

363 3618 487 3683 tissimo
510 3640 639 3705 eorpore
660 3622 692 3685 et
713 3618 872 3706 sanguine
895 3618 959 3685 Dei
981 3622 1013 3685 et
1037 3617 1173 3685 Domini
1193 3618 1404 3705 redemptoris
1423 3617 1527 3685 nostri
1547 3615 1572 3686 J
1572 3638 1662 3683 russo
1688 3613 1832 3684 Gentem

364 3756 552 3837 alienafiat,
568 3760 666 3843 atque
681 3756 716 3821 in
730 3762 874 3824 extremo
890 3756 1038 3825 examine
1052 3758 1206 3824 distriotae
1221 3756 1340 3824 ultioni
1355 3754 1530 3843 subjeoeat.
1574 3752 1709 3822 cuneis
1721 3757 1833 3820 eutem

368 3892 474 3960 eidem
487 3891 557 3960 loeo
570 3892 661 3979 justa
675 3891 877 3960 servantibus
891 3894 950 3962 flat
968 3916 1033 3981 pax
1055 3892 1191 3961 Domini
1211 3892 1314 3961 nostri
1333 3892 1358 3961 J
1358 3914 1448 3959 nasu
1470 3891 1613 3959 (lumem
1632 3894 1793 3977 quatenm
1806 3898 1839 3957 et

367 4026 421 4094 hio
434 4028 577 4095 fruetum
592 4028 686 4096 bonae
701 4030 836 4097 aetionis
849 4030 1028 4118 pereipiant
1042 4034 1077 4097 et
1095 4030 1182 4117 apud
1200 4028 1383 4097 dntaietm
1399 4028 1543 4116 jndioem
1563 4028 1688 4117 premie
1707 4032 1839 4123 eterne

368 4164 456 4253 panis
473 4166 651 4233 invenient.
697 4167 816 4235 Amen.
1716 4154 1719 4160 ¹

415 4326 520 4413 (Bene
534 4327 662 4411 Velete,
677 4329 712 4395 in
728 4331 943 4419 monogram).

413 4488 488 4578 Ego
514 4488 698 4557 Horroams
725 4492 879 4560 natholiae
905 4493 1045 4561 eoelesiae
1070 4494 1246 4581 episeopus.
1305 4491 1362 4581 (In
1386 4492 1443 4561 the
1471 4494 1577 4560 round
1601 4492 1696 4581 sign:
1728 4492 1841 4561 ‘Omli

369 4628 493 4695 domini
514 4650 610 4716 super
630 4628 771 4717 justos')
