4125 5359
1585 573 1651 643 loo

187 982 190 989 .
266 892 598 965 Endomed-‘Gorte
621 890 764 961 Domino
784 888 932 959 Milissnt
948 888 1089 978 junioris
1109 889 1144 956 et
1162 884 1278 955 modis
1301 884 1402 974 ipsius
1423 884 1465 953 de
1485 884 1590 953 muns
1611 885 1692 954 ueris

220 1022 1427 1122 pretistoommunipestusspheudisuiupuddenommNieholsum.que
1435 1020 1530 1091 nobis
1539 1022 1692 1092 eoncessit

221 1168 258 1236 in
271 1165 486 1257 pupetuum'

852 1372 1065 1445 noum

219 1520 386 1593 oum
421 1520 489 1590 BY
522 1518 721 1605 ΒΟΒΕΒΤ,
755 1518 846 1589 SON
878 1518 940 1589 oF
971 1518 1119 1603 WIAN,
1154 1516 1214 1587 ΤΟ
1250 1516 1469 1602 mmm,
1503 1514 1564 1586 OF
1595 1516 1694 1587 ALL

330 1652 1691 1737 THELANDINTHEFEEQFNEWOASTLEHEHAD

331 1795 464 1865 FROM
498 1793 704 1865 MORGAN
735 1794 801 1865 AB
835 1793 1066 1864 OARADOO.

198 2042 208 2053 ·
805 1956 974 2043 [Puumcu
997 1958 1111 2045 Mus]

265 2096 378 2166 ddunt
392 2118 503 2165 omnes
521 2100 590 2164 tum
611 2119 643 2185 p.
665 2116 764 2184 quem
785 2088 809 2163 i.
832 2098 919 2186 quod
940 2119 1002 2186 ego
1023 2096 1207 2165 Renum
1227 2094 1315 2163 fliius
1335 2092 1459 2165 Wmu
1480 2096 1619 2163 oonoedo
1634 2146 1642 2163 .
1659 2099 1693 2165 et

219 2234 353 2303 dimitto
373 2232 538 2302 moueohis
559 2234 601 2301 ds
624 2231 780 2300 Meneni
802 2234 1003 2303 oonoessione
1028 2238 1063 2303 et
1083 2255 1240 2326 consensu
1264 2232 1388 2301 domini
1410 2231 1476 2299 mei
1498 2232 1691 2300 Modum.

222 2374 325 2439 totam
340 2374 460 2437 terrum
474 2390 580 2435 meam
594 2389 693 2456 quem
707 2368 806 2436 miehi
820 2368 909 2437 dedit
927 2368 964 2437 in
985 2368 1086 2437 feudo
1106 2368 1201 2437 Novi
1222 2368 1389 2462 Quorsum
1411 2370 1532 2437 soilioet
1554 2372 1692 2457 quadre-

222 2508 317 2596 ginta
331 2528 420 2574 eorus
433 2527 571 2594 querum
584 2505 695 2573 doosm
708 2506 744 2572 in
759 2510 947 2594 perpetium
966 2504 1175 2575 elemosinam
1193 2506 1331 2595 largitus
1345 2528 1418 2575 sum
1439 2506 1604 2574 monsohis
1626 2559 1634 2574 .
1658 2512 1692 2576 et

224 2668 304 2713 m.
320 2646 440 2714 eisdem
455 2644 585 2713 dimitto
599 2644 642 2711 ed
656 2644 783 2711 firmam
797 2642 833 2709 in
849 2663 895 2709 v1.
911 2664 1013 2711 anuos
1026 2643 1129 2711 libem
1142 2648 1175 2712 et
1191 2643 1299 2730 quiete
1316 2665 1418 2731 usque
1430 2648 1504 2732 post
1517 2644 1694 2713 torminum

222 2806 270 2851 vu
286 2804 446 2851 annorum
462 2832 469 2849 .
486 2782 543 2870 qui
557 2781 636 2849 enni
649 2780 809 2870 incipiunt
829 2804 849 2848 e
868 2780 1045 2849 festivitate
1065 2779 1178 2848 Ssueti
1191 2780 1389 2848 Micusums
1403 2782 1482 2849 suni
1497 2804 1534 2849 u.
1547 2804 1574 2849 c.
1590 2805 1691 2849 none-

222 2919 337 3009 gesimi
358 2942 422 2987 vis.
442 2916 484 2987 eb
498 2918 719 2986 internetione
736 2918 880 2986 Domini.
927 2918 1000 2993 Qus
1017 2918 1167 2987 videlieet
1187 2918 1346 2987 festivitas
1366 2918 1478 2988 saneti
1496 2918 1694 2987 Mmmus

223 3058 321 3125 tertie
334 3060 443 3125 seouto
456 3060 505 3123 est
519 3056 700 3144 oeptionem
714 3054 837 3124 oestelli
851 3056 892 3123 de
907 3054 1026 3125 deuote
1039 3056 1153 3125 cmm
1173 3106 1182 3125 .
1205 3056 1327 3125 foetum
1340 3082 1399 3145 per
1411 3055 1641 3127 wmeuuvu
1655 3058 1697 3127 de

222 3191 374 3261 Bususu.
420 3192 475 3260 Ite
488 3191 608 3260 scilieet
624 3242 631 3259 .
647 3196 686 3259 ut
699 3214 757 3279 per
778 3212 825 3258 v1.
842 3213 944 3259 eunus
965 3192 1108 3260 habeant
1129 3214 1186 3261 xx.
1210 3216 1300 3261 sores
1322 3198 1407 3262 terre
1432 3194 1638 3263 frumenteiis
1663 3200 1696 3263 et

224 3328 1015 3418 uluuedhuopertresannos.idest.simu1.
1039 3330 1500 3419 1x.hubeant101iques.u
1525 3356 1613 3400 eorus
1634 3357 1697 3421 que

223 3466 335 3555 J'eoent
351 3468 449 3556 juxto
469 3466 543 3535 illes
566 3518 574 3534 .
597 3488 677 3554 ques
698 3465 764 3533 illis
785 3466 861 3534 dedi
881 3466 917 3533 in
944 3472 1146 3555 perpetuum.
1184 3466 1232 3535 Et
1257 3468 1423 3535 sciendum
1449 3470 1535 3555 quod
1557 3493 1618 3557 ego
1639 3492 1697 3559 pre

225 3604 376 3673 menibus
385 3604 456 3693 jem
470 3604 577 3692 aooopi
593 3626 724 3672 densum
739 3604 884 3673 omnium
899 3605 1035 3673 istorum
1049 3627 1209 3673 annorum
1233 3656 1241 3670 .
1264 3606 1363 3673 idest
1386 3656 1394 3671 .
1417 3626 1528 3673 xxvus.
1553 3606 1670 3674 solidos
1686 3659 1694 3674 .

221 3748 257 3811 et
270 3764 296 3811 J.
312 3742 490 3809 denudum.
522 3740 570 3809 Et
582 3740 644 3809 hoo
657 3745 763 3809 totum
778 3740 842 3808 feei
855 3763 1011 3809 eonsensu
1025 3745 1059 3808 et
1072 3741 1205 3810 oonsilio
1219 3741 1360 3809 stadum
1373 3764 1528 3809 meorum.
1558 3742 1695 3810 Rodum

222 3884 257 3947 et
271 3878 437 3947 eurum
454 3928 462 3945 .
478 3882 511 3945 et
525 3878 672 3947 eliorum.
718 3876 765 3945 Et
779 3876 807 3945 si
821 3876 909 3945 inim
925 3875 986 3945 hoo
1005 3878 1149 3967 spudium
1169 3884 1316 3946 mortuus
1336 3880 1427 3946 tuem
1450 3928 1458 3945 .
1482 3882 1584 3946 totam
1599 3880 1695 3948 istum

219 4022 343 4085 tersum
367 4036 441 4083 oum
462 4036 592 4103 eoi-pore
618 4036 690 4083 meo
715 4012 850 4104 profetis
875 4014 1040 4082 monsohis
1065 4021 1099 4083 et
1121 4014 1315 4083 monasterio
1342 4015 1419 4083 dedi
1443 4015 1479 4082 iu
1505 4022 1694 4105 perpetuum

220 4152 439 4223 elemosinam.
471 4150 581 4227 Quem
594 4151 623 4219 si
636 4172 702 4221 non
718 4156 853 4241 potuero
868 4152 934 4219 illis
944 4153 1152 4221 warentimre
1162 4174 1264 4241 usque
1280 4154 1322 4220 sd
1336 4152 1527 4241 presosiptos
1540 4154 1695 4223 terminos

222 4292 265 4360 de
277 4290 339 4359 hoo
352 4292 439 4379 quod
452 4290 618 4359 msiduum
632 4290 694 4359 erit
707 4292 843 4381 peounie
864 4312 962 4377 quem
983 4290 1091 4379 aooopi
1112 4341 1121 4361 .
1146 4293 1323 4361 seeundum
1346 4313 1505 4360 annorum
1528 4301 1693 4380 eomputa-

219 4430 345 4497 tionsm
359 4426 554 4497 satisfaciam
567 4426 733 4496 monuohis
748 4432 782 4495 et
796 4432 915 4495 tonum
931 4426 971 4495 de
991 4426 1142 4496 omnibus
1162 4428 1303 4497 servietis
1323 4427 1516 4517 adquietebo
1537 4430 1694 4517 quamdiu

222 4566 321 4634 suerit
334 4566 370 4632 in
384 4562 535 4633 menibus
547 4564 781 4633 moneohorum
791 4568 825 4631 et
835 4562 894 4631 heo
908 4564 1018 4631 omnio
1030 4586 1085 4633 me
1097 4564 1237 4635 fideliter
1250 4564 1494 4635 observaturum
1505 4566 1520 4655 j
1523 4572 1693 4636 memento

218 4700 351 4772 firmavi
365 4752 375 4771 .
391 4708 425 4769 et
440 4700 498 4769 hos
512 4700 644 4789 insuper
656 4700 781 4791 plegios
796 4700 881 4770 dedi.
912 4700 1093 4771 Dominum
1106 4724 1215 4771 meum
1224 4702 1431 4771 Mouesuuu
1446 4753 1456 4771 .
1471 4702 1647 4771 Roossou
1660 4708 1695 4773 st
