<?xml version="1.0" encoding="UTF-8"?>
<!DOCTYPE html PUBLIC "-//W3C//DTD XHTML 1.0 Transitional//EN"
    "http://www.w3.org/TR/xhtml1/DTD/xhtml1-transitional.dtd">
<html xmlns="http://www.w3.org/1999/xhtml" xml:lang="en" lang="en">
 <head>
  <title>
</title>
<meta http-equiv="Content-Type" content="text/html;charset=utf-8" />
  <meta name='ocr-system' content='tesseract 3.04.00' />
  <meta name='ocr-capabilities' content='ocr_page ocr_carea ocr_par ocr_line ocrx_word'/>
</head>
<body>
  <div class='ocr_page' id='page_1' title='image "./cartetaliamunim02abbegoog_0163.png"; bbox 0 0 4125 5359; ppageno 0'>
   <div class='ocr_carea' id='block_1_1' title="bbox 1561 564 1623 630">
    <p class='ocr_par' dir='ltr' id='par_1_1' title="bbox 1561 564 1623 630">
     <span class='ocr_line' id='line_1_1' title="bbox 1561 564 1623 630; baseline 0.016 -1"><span class='ocrx_word' id='word_1_1' title='bbox 1561 564 1623 630; x_wconf 87' lang='lat'><strong>121</strong></span> 
     </span>
    </p>
   </div>
   <div class='ocr_carea' id='block_1_2' title="bbox 196 875 1676 1922">
    <p class='ocr_par' dir='ltr' id='par_1_2' title="bbox 196 875 1676 1922">
     <span class='ocr_line' id='line_1_2' title="bbox 196 875 1671 967; baseline -0.003 -20"><span class='ocrx_word' id='word_1_2' title='bbox 196 880 286 949; x_wconf 87' lang='lat' dir='ltr'><strong>ultre</strong></span> <span class='ocrx_word' id='word_1_3' title='bbox 299 878 440 967; x_wconf 88' lang='lat' dir='ltr'><strong>pretium</strong></span> <span class='ocrx_word' id='word_1_4' title='bbox 461 876 595 963; x_wconf 79' lang='lat' dir='ltr'><strong>capituli</strong></span> <span class='ocrx_word' id='word_1_5' title='bbox 616 876 716 945; x_wconf 85' lang='lat' dir='ltr'><strong>vestri</strong></span> <span class='ocrx_word' id='word_1_6' title='bbox 736 875 939 963; x_wconf 88' lang='lat' dir='ltr'><strong>providentia</strong></span> <span class='ocrx_word' id='word_1_7' title='bbox 960 876 1172 944; x_wconf 87' lang='lat' dir='ltr'><strong>oonstitutum</strong></span> <span class='ocrx_word' id='word_1_8' title='bbox 1195 923 1204 944; x_wconf 92' lang='lat'><strong>.</strong></span> <span class='ocrx_word' id='word_1_9' title='bbox 1226 875 1291 943; x_wconf 91' lang='lat' dir='ltr'><strong>nisi</strong></span> <span class='ocrx_word' id='word_1_10' title='bbox 1311 881 1442 964; x_wconf 90' lang='lat' dir='ltr'><strong>propter</strong></span> <span class='ocrx_word' id='word_1_11' title='bbox 1462 875 1671 943; x_wconf 67' lang='lat' dir='ltr'><strong>manifestam</strong></span> 
     </span>
     <span class='ocr_line' id='line_1_3' title="bbox 196 1011 1672 1100; baseline -0.001 -17"><span class='ocrx_word' id='word_1_12' title='bbox 196 1016 315 1083; x_wconf 88' lang='lat' dir='ltr'><strong>domus</strong></span> <span class='ocrx_word' id='word_1_13' title='bbox 326 1020 431 1083; x_wconf 89' lang='lat' dir='ltr'><strong>vestre</strong></span> <span class='ocrx_word' id='word_1_14' title='bbox 445 1012 630 1081; x_wconf 75' lang='lat' dir='ltr'><strong>utilitatem.</strong></span> <span class='ocrx_word' id='word_1_15' title='bbox 676 1011 773 1085; x_wconf 79' lang='lat' dir='ltr'><strong>Quod</strong></span> <span class='ocrx_word' id='word_1_16' title='bbox 787 1012 815 1079; x_wconf 90' lang='lat' dir='ltr'><strong>si</strong></span> <span class='ocrx_word' id='word_1_17' title='bbox 829 1012 933 1079; x_wconf 83' lang='lat' dir='ltr'><strong>faeere</strong></span> <span class='ocrx_word' id='word_1_18' title='bbox 954 1012 1183 1100; x_wconf 75' lang='lat' dir='ltr'><strong>presumpserit</strong></span> <span class='ocrx_word' id='word_1_19' title='bbox 1206 1061 1214 1079; x_wconf 91' lang='lat'><strong>.</strong></span> <span class='ocrx_word' id='word_1_20' title='bbox 1237 1034 1304 1080; x_wconf 93' lang='lat' dir='ltr'><strong>non</strong></span> <span class='ocrx_word' id='word_1_21' title='bbox 1325 1017 1475 1081; x_wconf 85' lang='lat' dir='ltr'><strong>teneatur</strong></span> <span class='ocrx_word' id='word_1_22' title='bbox 1495 1016 1672 1081; x_wconf 83' lang='lat' dir='ltr'><strong>conventus</strong></span> 
     </span>
     <span class='ocr_line' id='line_1_4' title="bbox 197 1147 1672 1240; baseline -0.003 -19"><span class='ocrx_word' id='word_1_23' title='bbox 197 1174 258 1240; x_wconf 88' lang='lat' dir='ltr'><strong>pro</strong></span> <span class='ocrx_word' id='word_1_24' title='bbox 271 1151 324 1221; x_wconf 88' lang='lat' dir='ltr'><strong>his</strong></span> <span class='ocrx_word' id='word_1_25' title='bbox 336 1150 540 1237; x_wconf 86' lang='lat' dir='ltr'><strong>aliquatenus</strong></span> <span class='ocrx_word' id='word_1_26' title='bbox 554 1151 753 1238; x_wconf 89' lang='lat' dir='ltr'><strong>respondere.</strong></span> <span class='ocrx_word' id='word_1_27' title='bbox 798 1148 944 1216; x_wconf 77' lang='lat' dir='ltr'><strong>licitum</strong></span> <span class='ocrx_word' id='word_1_28' title='bbox 957 1154 1102 1236; x_wconf 86' lang='lat' dir='ltr'><strong>preterea</strong></span> <span class='ocrx_word' id='word_1_29' title='bbox 1115 1147 1206 1217; x_wconf 85' lang='lat' dir='ltr'><strong>vobis</strong></span> <span class='ocrx_word' id='word_1_30' title='bbox 1225 1150 1269 1217; x_wconf 90' lang='lat' dir='ltr'><strong>sit</strong></span> <span class='ocrx_word' id='word_1_31' title='bbox 1289 1148 1325 1217; x_wconf 91' lang='lat' dir='ltr'><strong>in</strong></span> <span class='ocrx_word' id='word_1_32' title='bbox 1347 1151 1450 1218; x_wconf 85' lang='lat' dir='ltr'><strong>oensis</strong></span> <span class='ocrx_word' id='word_1_33' title='bbox 1470 1149 1584 1218; x_wconf 89' lang='lat' dir='ltr'><strong>vestris</strong></span> <span class='ocrx_word' id='word_1_34' title='bbox 1605 1150 1672 1217; x_wconf 90' lang='lat' dir='ltr'><strong>sive</strong></span> 
     </span>
     <span class='ocr_line' id='line_1_5' title="bbox 197 1285 1673 1373; baseline 0.001 -20"><span class='ocrx_word' id='word_1_35' title='bbox 197 1286 327 1353; x_wconf 89' lang='lat' dir='ltr'><strong>oivilem</strong></span> <span class='ocrx_word' id='word_1_36' title='bbox 354 1334 362 1351; x_wconf 92' lang='lat'><strong>.</strong></span> <span class='ocrx_word' id='word_1_37' title='bbox 393 1285 460 1353; x_wconf 90' lang='lat' dir='ltr'><strong>sive</strong></span> <span class='ocrx_word' id='word_1_38' title='bbox 489 1285 688 1353; x_wconf 88' lang='lat' dir='ltr'><strong>eriminalem</strong></span> <span class='ocrx_word' id='word_1_39' title='bbox 717 1285 903 1353; x_wconf 74' lang='lat' dir='ltr'><strong>contineant</strong></span> <span class='ocrx_word' id='word_1_40' title='bbox 926 1285 1127 1373; x_wconf 83' lang='lat' dir='ltr'><strong>questionem</strong></span> <span class='ocrx_word' id='word_1_41' title='bbox 1152 1336 1161 1353; x_wconf 88' lang='lat'><strong>.</strong></span> <span class='ocrx_word' id='word_1_42' title='bbox 1188 1286 1304 1354; x_wconf 87' lang='lat' dir='ltr'><strong>fratres</strong></span> <span class='ocrx_word' id='word_1_43' title='bbox 1328 1292 1449 1354; x_wconf 84' lang='lat' dir='ltr'><strong>vestros</strong></span> <span class='ocrx_word' id='word_1_44' title='bbox 1473 1286 1605 1354; x_wconf 78' lang='lat' dir='ltr'><strong>idoneos</strong></span> <span class='ocrx_word' id='word_1_45' title='bbox 1629 1288 1673 1355; x_wconf 89' lang='lat' dir='ltr'><strong>ad</strong></span> 
     </span>
     <span class='ocr_line' id='line_1_6' title="bbox 197 1422 1672 1512; baseline -0.002 -18"><span class='ocrx_word' id='word_1_46' title='bbox 197 1424 438 1493; x_wconf 72' lang='lat' dir='ltr'><strong>testifiemdum</strong></span> <span class='ocrx_word' id='word_1_47' title='bbox 452 1423 610 1491; x_wconf 84' lang='lat' dir='ltr'><strong>addueere</strong></span> <span class='ocrx_word' id='word_1_48' title='bbox 626 1474 633 1488; x_wconf 93' lang='lat'><strong>.</strong></span> <span class='ocrx_word' id='word_1_49' title='bbox 650 1426 747 1510; x_wconf 80' lang='lat' dir='ltr'><strong>atque</strong></span> <span class='ocrx_word' id='word_1_50' title='bbox 761 1422 904 1510; x_wconf 89' lang='lat' dir='ltr'><strong>ipsorum</strong></span> <span class='ocrx_word' id='word_1_51' title='bbox 918 1422 1103 1491; x_wconf 83' lang='lat' dir='ltr'><strong>testimonio</strong></span> <span class='ocrx_word' id='word_1_52' title='bbox 1117 1423 1200 1491; x_wconf 83' lang='lat' dir='ltr'><strong>sient</strong></span> <span class='ocrx_word' id='word_1_53' title='bbox 1213 1423 1339 1512; x_wconf 84' lang='lat' dir='ltr'><strong>justum</strong></span> <span class='ocrx_word' id='word_1_54' title='bbox 1356 1424 1457 1491; x_wconf 87' lang='lat' dir='ltr'><strong>fuerit</strong></span> <span class='ocrx_word' id='word_1_55' title='bbox 1478 1477 1486 1492; x_wconf 89' lang='lat'><strong>.</strong></span> <span class='ocrx_word' id='word_1_56' title='bbox 1510 1428 1544 1492; x_wconf 91' lang='lat' dir='ltr'><strong>et</strong></span> <span class='ocrx_word' id='word_1_57' title='bbox 1557 1425 1672 1512; x_wconf 91' lang='lat' dir='ltr'><strong>popul·</strong></span> 
     </span>
     <span class='ocr_line' id='line_1_7' title="bbox 197 1559 1674 1648; baseline 0.001 -20"><span class='ocrx_word' id='word_1_58' title='bbox 197 1584 271 1628; x_wconf 84' lang='lat' dir='ltr'><strong>aare</strong></span> <span class='ocrx_word' id='word_1_59' title='bbox 284 1560 472 1627; x_wconf 72' lang='lat' dir='ltr'><strong>violentem</strong></span> <span class='ocrx_word' id='word_1_60' title='bbox 485 1566 519 1628; x_wconf 91' lang='lat' dir='ltr'><strong>et</strong></span> <span class='ocrx_word' id='word_1_61' title='bbox 532 1560 694 1648; x_wconf 86' lang='lat' dir='ltr'><strong>justitiam</strong></span> <span class='ocrx_word' id='word_1_62' title='bbox 709 1560 886 1627; x_wconf 74' lang='lat' dir='ltr'><strong>vendicare.</strong></span> <span class='ocrx_word' id='word_1_63' title='bbox 932 1559 997 1627; x_wconf 93' lang='lat' dir='ltr'><strong>Pro</strong></span> <span class='ocrx_word' id='word_1_64' title='bbox 1012 1560 1301 1628; x_wconf 88' lang='lat' dir='ltr'><strong>oonseorationibus</strong></span> <span class='ocrx_word' id='word_1_65' title='bbox 1314 1584 1390 1629; x_wconf 89' lang='lat' dir='ltr'><strong>vero</strong></span> <span class='ocrx_word' id='word_1_66' title='bbox 1409 1562 1561 1630; x_wconf 84' lang='lat' dir='ltr'><strong>altarium</strong></span> <span class='ocrx_word' id='word_1_67' title='bbox 1584 1612 1592 1627; x_wconf 92' lang='lat'>.</span> <span class='ocrx_word' id='word_1_68' title='bbox 1616 1584 1674 1629; x_wconf 89' lang='lat' dir='ltr'><strong>seu</strong></span> 
     </span>
     <span class='ocr_line' id='line_1_8' title="bbox 198 1695 1676 1783; baseline 0 -18"><span class='ocrx_word' id='word_1_69' title='bbox 198 1695 404 1765; x_wconf 83' lang='lat' dir='ltr'><strong>eoelesierum</strong></span> <span class='ocrx_word' id='word_1_70' title='bbox 431 1746 439 1763; x_wconf 91' lang='lat'><strong>.</strong></span> <span class='ocrx_word' id='word_1_71' title='bbox 471 1698 540 1765; x_wconf 89' lang='lat' dir='ltr'><strong>oleo</strong></span> <span class='ocrx_word' id='word_1_72' title='bbox 565 1696 674 1763; x_wconf 83' lang='lat' dir='ltr'><strong>saneto</strong></span> <span class='ocrx_word' id='word_1_73' title='bbox 701 1746 709 1763; x_wconf 91' lang='lat'><strong>.</strong></span> <span class='ocrx_word' id='word_1_74' title='bbox 736 1696 992 1763; x_wconf 80' lang='lat' dir='ltr'><strong>ordinationibus</strong></span> <span class='ocrx_word' id='word_1_75' title='bbox 1014 1695 1245 1765; x_wconf 85' lang='lat' dir='ltr'><strong>monaehorum</strong></span> <span class='ocrx_word' id='word_1_76' title='bbox 1267 1698 1325 1783; x_wconf 92' lang='lat' dir='ltr'><strong>qui</strong></span> <span class='ocrx_word' id='word_1_77' title='bbox 1350 1700 1393 1765; x_wconf 88' lang='lat' dir='ltr'><strong>ad</strong></span> <span class='ocrx_word' id='word_1_78' title='bbox 1417 1719 1521 1765; x_wconf 86' lang='lat' dir='ltr'><strong>saeros</strong></span> <span class='ocrx_word' id='word_1_79' title='bbox 1547 1698 1676 1765; x_wconf 83' lang='lat' dir='ltr'><strong>ordines</strong></span> 
     </span>
     <span class='ocr_line' id='line_1_9' title="bbox 199 1832 1672 1922; baseline 0 -21"><span class='ocrx_word' id='word_1_80' title='bbox 199 1834 326 1901; x_wconf 81' lang='lat' dir='ltr'><strong>fuerint</strong></span> <span class='ocrx_word' id='word_1_81' title='bbox 339 1834 549 1922; x_wconf 90' lang='lat' dir='ltr'><strong>promovendi</strong></span> <span class='ocrx_word' id='word_1_82' title='bbox 569 1886 577 1900; x_wconf 89' lang='lat'><em>.</em></span> <span class='ocrx_word' id='word_1_83' title='bbox 599 1834 651 1903; x_wconf 91' lang='lat' dir='ltr'><strong>vel</strong></span> <span class='ocrx_word' id='word_1_84' title='bbox 666 1832 862 1921; x_wconf 86' lang='lat' dir='ltr'><strong>quibuslibet</strong></span> <span class='ocrx_word' id='word_1_85' title='bbox 879 1832 1098 1901; x_wconf 80' lang='lat' dir='ltr'><strong>eeclesiastieis</strong></span> <span class='ocrx_word' id='word_1_86' title='bbox 1119 1834 1325 1901; x_wconf 78' lang='lat' dir='ltr'><strong>saoramentr‘s</strong></span> <span class='ocrx_word' id='word_1_87' title='bbox 1348 1886 1355 1899; x_wconf 94' lang='lat'><strong>.</strong></span> <span class='ocrx_word' id='word_1_88' title='bbox 1378 1836 1489 1903; x_wconf 90' lang='lat' dir='ltr'><strong>nullus</strong></span> <span class='ocrx_word' id='word_1_89' title='bbox 1510 1857 1531 1901; x_wconf 88' lang='lat' dir='ltr'><strong>a</strong></span> <span class='ocrx_word' id='word_1_90' title='bbox 1551 1834 1642 1902; x_wconf 91' lang='lat' dir='ltr'><strong>vobis</strong></span> <span class='ocrx_word' id='word_1_91' title='bbox 1664 1885 1672 1901; x_wconf 88' lang='lat'><strong>.</strong></span> 
     </span>
    </p>
   </div>
   <div class='ocr_carea' id='block_1_3' title="bbox 197 1969 1677 2469">
    <p class='ocr_par' dir='ltr' id='par_1_3' title="bbox 197 1969 1677 2469">
     <span class='ocr_line' id='line_1_10' title="bbox 197 1969 1674 2059; baseline 0.001 -20"><span class='ocrx_word' id='word_1_92' title='bbox 197 1976 260 2039; x_wconf 86' lang='lat' dir='ltr'><strong>aut</strong></span> <span class='ocrx_word' id='word_1_93' title='bbox 274 1970 333 2039; x_wconf 87' lang='lat' dir='ltr'><strong>sub</strong></span> <span class='ocrx_word' id='word_1_94' title='bbox 348 1975 484 2059; x_wconf 89' lang='lat' dir='ltr'><strong>optentu</strong></span> <span class='ocrx_word' id='word_1_95' title='bbox 500 1970 739 2039; x_wconf 87' lang='lat' dir='ltr'><strong>eonsuetudinis</strong></span> <span class='ocrx_word' id='word_1_96' title='bbox 756 2022 762 2037; x_wconf 94' lang='lat'>.</span> <span class='ocrx_word' id='word_1_97' title='bbox 779 1971 831 2038; x_wconf 91' lang='lat' dir='ltr'><strong>vel</strong></span> <span class='ocrx_word' id='word_1_98' title='bbox 846 1969 989 2056; x_wconf 89' lang='lat' dir='ltr'><strong>quolibet</strong></span> <span class='ocrx_word' id='word_1_99' title='bbox 1003 1972 1099 2038; x_wconf 92' lang='lat' dir='ltr'><strong>modo</strong></span> <span class='ocrx_word' id='word_1_100' title='bbox 1119 1969 1291 2057; x_wconf 79' lang='lat' dir='ltr'><strong>qmoquam</strong></span> <span class='ocrx_word' id='word_1_101' title='bbox 1313 1973 1431 2039; x_wconf 81' lang='lat' dir='ltr'><strong>audeat</strong></span> <span class='ocrx_word' id='word_1_102' title='bbox 1452 1976 1641 2059; x_wconf 83' lang='lat' dir='ltr'><strong>extorquere</strong></span> <span class='ocrx_word' id='word_1_103' title='bbox 1664 2021 1674 2040; x_wconf 90' lang='lat'><strong>.</strong></span> 
     </span>
     <span class='ocr_line' id='line_1_11' title="bbox 200 2079 1676 2197; baseline 0 -21"><span class='ocrx_word' id='word_1_104' title='bbox 200 2110 259 2176; x_wconf 87' lang='lat' dir='ltr'><strong>sed</strong></span> <span class='ocrx_word' id='word_1_105' title='bbox 272 2108 332 2176; x_wconf 90' lang='lat' dir='ltr'><strong>heo</strong></span> <span class='ocrx_word' id='word_1_106' title='bbox 345 2108 447 2197; x_wconf 81' lang='lat' dir='ltr'><strong>gratis</strong></span> <span class='ocrx_word' id='word_1_107' title='bbox 461 2107 551 2175; x_wconf 85' lang='lat' dir='ltr'><strong>vobis</strong></span> <span class='ocrx_word' id='word_1_108' title='bbox 565 2114 599 2175; x_wconf 91' lang='lat' dir='ltr'><strong>et</strong></span> <span class='ocrx_word' id='word_1_109' title='bbox 612 2108 681 2176; x_wconf 88' lang='lat' dir='ltr'><strong>sine</strong></span> <span class='ocrx_word' id='word_1_110' title='bbox 695 2108 854 2196; x_wconf 76' lang='lat' dir='ltr'><strong>pravitate</strong></span> <span class='ocrx_word' id='word_1_111' title='bbox 869 2108 978 2195; x_wconf 89' lang='lat' dir='ltr'><strong>aliqua</strong></span> <span class='ocrx_word' id='word_1_112' title='bbox 996 2107 1191 2175; x_wconf 86' lang='lat' dir='ltr'><strong>tribuantur.</strong></span> <span class='ocrx_word' id='word_1_113' title='bbox 1236 2107 1375 2196; x_wconf 89' lang='lat' dir='ltr'><strong>Insuper</strong></span> <span class='ocrx_word' id='word_1_114' title='bbox 1390 2110 1488 2176; x_wconf 85' lang='lat' dir='ltr'><strong>etiam</strong></span> <span class='ocrx_word' id='word_1_115' title='bbox 1502 2079 1676 2197; x_wconf 76' lang='lat' dir='ltr'><strong>apostolius</strong></span> 
     </span>
     <span class='ocr_line' id='line_1_12' title="bbox 198 2243 1675 2333; baseline -0.001 -20"><span class='ocrx_word' id='word_1_116' title='bbox 198 2245 392 2313; x_wconf 82' lang='lat' dir='ltr'><strong>auotoritate</strong></span> <span class='ocrx_word' id='word_1_117' title='bbox 406 2245 567 2313; x_wconf 89' lang='lat' dir='ltr'><strong>eaneimns</strong></span> <span class='ocrx_word' id='word_1_118' title='bbox 582 2298 589 2313; x_wconf 93' lang='lat'><strong>.</strong></span> <span class='ocrx_word' id='word_1_119' title='bbox 606 2248 913 2332; x_wconf 83' lang='lat' dir='ltr'><strong>quemadmoduma</strong></span> <span class='ocrx_word' id='word_1_120' title='bbox 932 2243 1204 2333; x_wconf 89' lang='lat' dir='ltr'><strong>predeoessoribus</strong></span> <span class='ocrx_word' id='word_1_121' title='bbox 1224 2246 1342 2312; x_wconf 85' lang='lat' dir='ltr'><strong>nostris</strong></span> <span class='ocrx_word' id='word_1_122' title='bbox 1364 2245 1523 2311; x_wconf 77' lang='lat' dir='ltr'><strong>Ronams</strong></span> <span class='ocrx_word' id='word_1_123' title='bbox 1544 2245 1675 2333; x_wconf 85' lang='lat' dir='ltr'><strong>pontifi·</strong></span> 
     </span>
     <span class='ocr_line' id='line_1_13' title="bbox 200 2381 1677 2469; baseline -0.001 -19"><span class='ocrx_word' id='word_1_124' title='bbox 200 2382 293 2451; x_wconf 84' lang='lat' dir='ltr'><strong>uibus</strong></span> <span class='ocrx_word' id='word_1_125' title='bbox 320 2388 426 2451; x_wconf 87' lang='lat' dir='ltr'><strong>vestro</strong></span> <span class='ocrx_word' id='word_1_126' title='bbox 452 2382 557 2451; x_wconf 91' lang='lat' dir='ltr'><strong>ordini</strong></span> <span class='ocrx_word' id='word_1_127' title='bbox 581 2388 629 2450; x_wconf 92' lang='lat' dir='ltr'><strong>est</strong></span> <span class='ocrx_word' id='word_1_128' title='bbox 651 2384 817 2450; x_wconf 88' lang='lat' dir='ltr'><strong>indultum</strong></span> <span class='ocrx_word' id='word_1_129' title='bbox 845 2434 852 2449; x_wconf 93' lang='lat'><strong>.</strong></span> <span class='ocrx_word' id='word_1_130' title='bbox 883 2387 922 2450; x_wconf 92' lang='lat' dir='ltr'><strong>ut</strong></span> <span class='ocrx_word' id='word_1_131' title='bbox 946 2384 1057 2449; x_wconf 92' lang='lat' dir='ltr'><strong>nullus</strong></span> <span class='ocrx_word' id='word_1_132' title='bbox 1081 2382 1247 2469; x_wconf 87' lang='lat' dir='ltr'><strong>episeopus</strong></span> <span class='ocrx_word' id='word_1_133' title='bbox 1273 2432 1281 2449; x_wconf 89' lang='lat'><strong>.</strong></span> <span class='ocrx_word' id='word_1_134' title='bbox 1308 2405 1412 2468; x_wconf 89' lang='lat' dir='ltr'><strong>neque</strong></span> <span class='ocrx_word' id='word_1_135' title='bbox 1439 2383 1504 2448; x_wconf 88' lang='lat' dir='ltr'><strong>alia</strong></span> <span class='ocrx_word' id='word_1_136' title='bbox 1532 2381 1677 2469; x_wconf 87' lang='lat' dir='ltr'><strong>quelibet</strong></span> 
     </span>
    </p>
   </div>
   <div class='ocr_carea' id='block_1_4' title="bbox 198 2510 1677 2608">
    <p class='ocr_par' dir='ltr' id='par_1_4' title="bbox 198 2510 1677 2608">
     <span class='ocr_line' id='line_1_14' title="bbox 198 2510 1677 2608; baseline 0 -21"><span class='ocrx_word' id='word_1_137' title='bbox 198 2542 337 2608; x_wconf 88' lang='lat' dir='ltr'><strong>persona</strong></span> <span class='ocrx_word' id='word_1_138' title='bbox 351 2521 395 2587; x_wconf 89' lang='lat' dir='ltr'><strong>ad</strong></span> <span class='ocrx_word' id='word_1_139' title='bbox 408 2521 537 2589; x_wconf 91' lang='lat' dir='ltr'><strong>sinodos</strong></span> <span class='ocrx_word' id='word_1_140' title='bbox 548 2522 600 2588; x_wconf 92' lang='lat' dir='ltr'><strong>vel</strong></span> <span class='ocrx_word' id='word_1_141' title='bbox 614 2523 657 2588; x_wconf 88' lang='lat' dir='ltr'><strong>ed</strong></span> <span class='ocrx_word' id='word_1_142' title='bbox 671 2526 846 2588; x_wconf 86' lang='lat' dir='ltr'><strong>eonventus</strong></span> <span class='ocrx_word' id='word_1_143' title='bbox 860 2520 1001 2601; x_wconf 85' lang='lat' dir='ltr'><strong>forenses</strong></span> <span class='ocrx_word' id='word_1_144' title='bbox 1012 2542 1069 2587; x_wconf 87' lang='lat' dir='ltr'><strong>vos</strong></span> <span class='ocrx_word' id='word_1_145' title='bbox 1082 2510 1129 2587; x_wconf 81' lang='lat' dir='ltr'><strong>ire</strong></span> <span class='ocrx_word' id='word_1_146' title='bbox 1141 2519 1192 2587; x_wconf 92' lang='lat' dir='ltr'><strong>vel</strong></span> <span class='ocrx_word' id='word_1_147' title='bbox 1206 2520 1329 2607; x_wconf 89' lang='lat' dir='ltr'><strong>judioio</strong></span> <span class='ocrx_word' id='word_1_148' title='bbox 1343 2520 1477 2587; x_wconf 76' lang='lat' dir='ltr'><strong>seerrlmi</strong></span> <span class='ocrx_word' id='word_1_149' title='bbox 1492 2522 1532 2586; x_wconf 92' lang='lat' dir='ltr'><strong>de</strong></span> <span class='ocrx_word' id='word_1_150' title='bbox 1546 2520 1677 2606; x_wconf 89' lang='lat' dir='ltr'><strong>propria</strong></span> 
     </span>
    </p>
   </div>
   <div class='ocr_carea' id='block_1_5' title="bbox 196 2656 1725 4800">
    <p class='ocr_par' dir='ltr' id='par_1_5' title="bbox 196 2656 1725 4800">
     <span class='ocr_line' id='line_1_15' title="bbox 198 2656 1677 2746; baseline -0.001 -22"><span class='ocrx_word' id='word_1_151' title='bbox 198 2656 383 2724; x_wconf 83' lang='lat' dir='ltr'><strong>substantie</strong></span> <span class='ocrx_word' id='word_1_152' title='bbox 406 2658 457 2725; x_wconf 91' lang='lat' dir='ltr'><strong>vel</strong></span> <span class='ocrx_word' id='word_1_153' title='bbox 482 2658 731 2746; x_wconf 87' lang='lat' dir='ltr'><strong>possessionibus</strong></span> <span class='ocrx_word' id='word_1_154' title='bbox 755 2657 918 2745; x_wconf 86' lang='lat' dir='ltr'><strong>subjeoere</strong></span> <span class='ocrx_word' id='word_1_155' title='bbox 941 2657 1120 2744; x_wconf 79' lang='lat' dir='ltr'><strong>compellat</strong></span> <span class='ocrx_word' id='word_1_156' title='bbox 1165 2656 1257 2723; x_wconf 90' lang='lat' dir='ltr'><strong>Illud</strong></span> <span class='ocrx_word' id='word_1_157' title='bbox 1278 2657 1452 2723; x_wconf 78' lang='lat' dir='ltr'><strong>adicientes</strong></span> <span class='ocrx_word' id='word_1_158' title='bbox 1475 2707 1482 2722; x_wconf 92' lang='lat'><strong>.</strong></span> <span class='ocrx_word' id='word_1_159' title='bbox 1506 2661 1545 2723; x_wconf 91' lang='lat' dir='ltr'><strong>ut</strong></span> <span class='ocrx_word' id='word_1_160' title='bbox 1565 2656 1677 2723; x_wconf 91' lang='lat' dir='ltr'><strong>nullus</strong></span> 
     </span>
     <span class='ocr_line' id='line_1_16' title="bbox 198 2792 1725 2882; baseline -0.001 -21"><span class='ocrx_word' id='word_1_161' title='bbox 198 2794 384 2881; x_wconf 77' lang='lat' dir='ltr'><strong>regularem</strong></span> <span class='ocrx_word' id='word_1_162' title='bbox 399 2794 587 2863; x_wconf 86' lang='lat' dir='ltr'><strong>eleetionem</strong></span> <span class='ocrx_word' id='word_1_163' title='bbox 608 2795 733 2863; x_wconf 87' lang='lat' dir='ltr'><strong>abbatis</strong></span> <span class='ocrx_word' id='word_1_164' title='bbox 755 2796 871 2862; x_wconf 82' lang='lat' dir='ltr'><strong>vestnie</strong></span> <span class='ocrx_word' id='word_1_165' title='bbox 892 2794 1050 2882; x_wconf 86' lang='lat' dir='ltr'><strong>impediat</strong></span> <span class='ocrx_word' id='word_1_166' title='bbox 1072 2844 1080 2859; x_wconf 91' lang='grc'><strong>.</strong></span> <span class='ocrx_word' id='word_1_167' title='bbox 1104 2798 1162 2861; x_wconf 88' lang='lat' dir='ltr'><strong>aut</strong></span> <span class='ocrx_word' id='word_1_168' title='bbox 1183 2794 1224 2861; x_wconf 90' lang='lat' dir='ltr'><strong>de</strong></span> <span class='ocrx_word' id='word_1_169' title='bbox 1245 2793 1444 2859; x_wconf 73' lang='lat' dir='ltr'><strong>msfimendo</strong></span> <span class='ocrx_word' id='word_1_170' title='bbox 1468 2843 1475 2858; x_wconf 95' lang='lat'><strong>.</strong></span> <span class='ocrx_word' id='word_1_171' title='bbox 1501 2792 1553 2859; x_wconf 91' lang='lat' dir='ltr'><strong>vel</strong></span> <span class='ocrx_word' id='word_1_172' title='bbox 1578 2794 1676 2879; x_wconf 92' lang='lat' dir='ltr'><strong>depo·</strong></span> <span class='ocrx_word' id='word_1_173' title='bbox 1720 2864 1725 2877; x_wconf 27' lang='grc' dir='ltr'><em>ι</em></span> 
     </span>
     <span class='ocr_line' id='line_1_17' title="bbox 199 2928 1677 3020; baseline -0.002 -23"><span class='ocrx_word' id='word_1_174' title='bbox 199 2932 309 2998; x_wconf 92' lang='lat' dir='ltr'><strong>nendo</strong></span> <span class='ocrx_word' id='word_1_175' title='bbox 325 2983 333 2997; x_wconf 89' lang='lat'><em>.</em></span> <span class='ocrx_word' id='word_1_176' title='bbox 350 2954 407 2998; x_wconf 91' lang='lat' dir='ltr'><strong>seu</strong></span> <span class='ocrx_word' id='word_1_177' title='bbox 420 2934 612 3000; x_wconf 90' lang='lat' dir='ltr'><strong>removendo</strong></span> <span class='ocrx_word' id='word_1_178' title='bbox 628 2956 665 3000; x_wconf 92' lang='lat' dir='ltr'><strong>eo</strong></span> <span class='ocrx_word' id='word_1_179' title='bbox 680 2934 737 3020; x_wconf 91' lang='lat' dir='ltr'><strong>qui</strong></span> <span class='ocrx_word' id='word_1_180' title='bbox 751 2936 810 3020; x_wconf 88' lang='lat' dir='ltr'><strong>pro</strong></span> <span class='ocrx_word' id='word_1_181' title='bbox 829 2938 972 3019; x_wconf 88' lang='lat' dir='ltr'><strong>tempore</strong></span> <span class='ocrx_word' id='word_1_182' title='bbox 994 2929 1095 2997; x_wconf 86' lang='lat' dir='ltr'><strong>fuerit</strong></span> <span class='ocrx_word' id='word_1_183' title='bbox 1117 2980 1125 2995; x_wconf 91' lang='lat'><strong>.</strong></span> <span class='ocrx_word' id='word_1_184' title='bbox 1150 2934 1260 2996; x_wconf 83' lang='lat' dir='ltr'><strong>eontra</strong></span> <span class='ocrx_word' id='word_1_185' title='bbox 1282 2933 1403 2996; x_wconf 70' lang='lat' dir='ltr'><strong>steorte</strong></span> <span class='ocrx_word' id='word_1_186' title='bbox 1426 2928 1677 2995; x_wconf 75' lang='lat' dir='ltr'><strong>Grsrnncrnnsts</strong></span> 
     </span>
     <span class='ocr_line' id='line_1_18' title="bbox 198 3064 1677 3156; baseline -0.002 -21"><span class='ocrx_word' id='word_1_187' title='bbox 198 3066 324 3135; x_wconf 83' lang='lat' dir='ltr'><strong>ordinis</strong></span> <span class='ocrx_word' id='word_1_188' title='bbox 340 3117 348 3133; x_wconf 91' lang='lat'>.</span> <span class='ocrx_word' id='word_1_189' title='bbox 365 3070 398 3134; x_wconf 92' lang='lat' dir='ltr'><strong>et</strong></span> <span class='ocrx_word' id='word_1_190' title='bbox 412 3068 601 3135; x_wconf 87' lang='lat' dir='ltr'><strong>auotoritete</strong></span> <span class='ocrx_word' id='word_1_191' title='bbox 623 3068 866 3156; x_wconf 68' lang='lat' dir='ltr'><strong>privilegiorum</strong></span> <span class='ocrx_word' id='word_1_192' title='bbox 888 3072 1067 3136; x_wconf 88' lang='lat' dir='ltr'><strong>vestrorum</strong></span> <span class='ocrx_word' id='word_1_193' title='bbox 1089 3089 1122 3133; x_wconf 91' lang='lat' dir='ltr'><strong>se</strong></span> <span class='ocrx_word' id='word_1_194' title='bbox 1143 3067 1306 3133; x_wconf 86' lang='lat' dir='ltr'><strong>ullatenus</strong></span> <span class='ocrx_word' id='word_1_195' title='bbox 1327 3065 1532 3133; x_wconf 79' lang='lat' dir='ltr'><strong>intromittat.</strong></span> <span class='ocrx_word' id='word_1_196' title='bbox 1579 3064 1677 3138; x_wconf 82' lang='lat' dir='ltr'><strong>Quod</strong></span> 
     </span>
     <span class='ocr_line' id='line_1_19' title="bbox 199 3199 1677 3291; baseline -0.002 -20"><span class='ocrx_word' id='word_1_197' title='bbox 199 3202 411 3291; x_wconf 89' lang='lat' dir='ltr'><strong>siepisoopus</strong></span> <span class='ocrx_word' id='word_1_198' title='bbox 429 3204 465 3270; x_wconf 92' lang='lat' dir='ltr'><strong>in</strong></span> <span class='ocrx_word' id='word_1_199' title='bbox 487 3204 582 3291; x_wconf 86' lang='lat' dir='ltr'><strong>eujus</strong></span> <span class='ocrx_word' id='word_1_200' title='bbox 602 3204 769 3291; x_wconf 85' lang='lat' dir='ltr'><strong>parroohia</strong></span> <span class='ocrx_word' id='word_1_201' title='bbox 790 3206 904 3272; x_wconf 88' lang='lat' dir='ltr'><strong>domus</strong></span> <span class='ocrx_word' id='word_1_202' title='bbox 925 3208 1030 3271; x_wconf 86' lang='lat' dir='ltr'><strong>vestre</strong></span> <span class='ocrx_word' id='word_1_203' title='bbox 1051 3202 1191 3269; x_wconf 76' lang='lat' dir='ltr'><strong>fimdata</strong></span> <span class='ocrx_word' id='word_1_204' title='bbox 1212 3206 1261 3268; x_wconf 88' lang='lat' dir='ltr'><strong>eet</strong></span> <span class='ocrx_word' id='word_1_205' title='bbox 1285 3250 1292 3266; x_wconf 94' lang='lat'><strong>.</strong></span> <span class='ocrx_word' id='word_1_206' title='bbox 1316 3224 1390 3268; x_wconf 88' lang='lat' dir='ltr'><strong>oum</strong></span> <span class='ocrx_word' id='word_1_207' title='bbox 1410 3199 1619 3269; x_wconf 84' lang='lat' dir='ltr'><strong>humilitate.</strong></span> <span class='ocrx_word' id='word_1_208' title='bbox 1642 3204 1677 3269; x_wconf 88' lang='lat' dir='ltr'><strong>et</strong></span> 
     </span>
     <span class='ocr_line' id='line_1_20' title="bbox 199 3320 1672 3427; baseline -0.001 -21"><span class='ocrx_word' id='word_1_209' title='bbox 199 3339 371 3406; x_wconf 90' lang='lat' dir='ltr'><strong>devotione</strong></span> <span class='ocrx_word' id='word_1_210' title='bbox 385 3360 450 3425; x_wconf 89' lang='lat' dir='ltr'><strong>qua</strong></span> <span class='ocrx_word' id='word_1_211' title='bbox 463 3320 613 3408; x_wconf 88' lang='lat' dir='ltr'><strong>eonvenit</strong></span> <span class='ocrx_word' id='word_1_212' title='bbox 626 3341 798 3427; x_wconf 85' lang='lat' dir='ltr'><strong>requisitus</strong></span> <span class='ocrx_word' id='word_1_213' title='bbox 813 3389 822 3407; x_wconf 90' lang='lat'><strong>.</strong></span> <span class='ocrx_word' id='word_1_214' title='bbox 838 3340 1049 3407; x_wconf 75' lang='lat' dir='ltr'><strong>substitutum</strong></span> <span class='ocrx_word' id='word_1_215' title='bbox 1070 3337 1220 3405; x_wconf 85' lang='lat' dir='ltr'><strong>abbatem</strong></span> <span class='ocrx_word' id='word_1_216' title='bbox 1240 3337 1427 3405; x_wconf 75' lang='lat' dir='ltr'><strong>beneffioere</strong></span> <span class='ocrx_word' id='word_1_217' title='bbox 1447 3338 1533 3405; x_wconf 84' lang='lat' dir='ltr'><strong>forte</strong></span> <span class='ocrx_word' id='word_1_218' title='bbox 1552 3360 1672 3404; x_wconf 90' lang='lat' dir='ltr'><strong>rennu-</strong></span> 
     </span>
     <span class='ocr_line' id='line_1_21' title="bbox 196 3474 1671 3563; baseline 0.001 -20"><span class='ocrx_word' id='word_1_219' title='bbox 196 3476 263 3543; x_wconf 89' lang='lat' dir='ltr'><strong>erit</strong></span> <span class='ocrx_word' id='word_1_220' title='bbox 293 3526 300 3541; x_wconf 93' lang='lat'><em>.</em></span> <span class='ocrx_word' id='word_1_221' title='bbox 331 3474 457 3545; x_wconf 81' lang='lat' dir='ltr'><strong>linitum</strong></span> <span class='ocrx_word' id='word_1_222' title='bbox 485 3476 528 3544; x_wconf 87' lang='lat' dir='ltr'><strong>sit</strong></span> <span class='ocrx_word' id='word_1_223' title='bbox 556 3478 661 3545; x_wconf 88' lang='lat' dir='ltr'><strong>eidem</strong></span> <span class='ocrx_word' id='word_1_224' title='bbox 690 3476 800 3545; x_wconf 85' lang='lat' dir='ltr'><strong>abbati</strong></span> <span class='ocrx_word' id='word_1_225' title='bbox 829 3480 856 3546; x_wconf 89' lang='lat' dir='ltr'><strong>si</strong></span> <span class='ocrx_word' id='word_1_226' title='bbox 885 3484 995 3546; x_wconf 87' lang='lat' dir='ltr'><strong>tamen</strong></span> <span class='ocrx_word' id='word_1_227' title='bbox 1025 3478 1170 3545; x_wconf 86' lang='lat' dir='ltr'><strong>saeerdos</strong></span> <span class='ocrx_word' id='word_1_228' title='bbox 1197 3476 1297 3543; x_wconf 87' lang='lat' dir='ltr'><strong>fuerit</strong></span> <span class='ocrx_word' id='word_1_229' title='bbox 1324 3526 1331 3541; x_wconf 92' lang='lat'><strong>.</strong></span> <span class='ocrx_word' id='word_1_230' title='bbox 1358 3476 1503 3563; x_wconf 89' lang='lat' dir='ltr'><strong>proprios</strong></span> <span class='ocrx_word' id='word_1_231' title='bbox 1530 3476 1671 3545; x_wconf 88' lang='lat' dir='ltr'><strong>novitios</strong></span> 
     </span>
     <span class='ocr_line' id='line_1_22' title="bbox 200 3610 1676 3703; baseline 0.002 -24"><span class='ocrx_word' id='word_1_232' title='bbox 200 3610 390 3679; x_wconf 89' lang='lat' dir='ltr'><strong>benedioere</strong></span> <span class='ocrx_word' id='word_1_233' title='bbox 420 3663 428 3678; x_wconf 92' lang='lat'><em>.</em></span> <span class='ocrx_word' id='word_1_234' title='bbox 459 3616 492 3681; x_wconf 89' lang='lat' dir='ltr'><strong>et</strong></span> <span class='ocrx_word' id='word_1_235' title='bbox 520 3612 586 3681; x_wconf 85' lang='lat' dir='ltr'><strong>alia</strong></span> <span class='ocrx_word' id='word_1_236' title='bbox 614 3636 677 3701; x_wconf 92' lang='lat' dir='ltr'><strong>que</strong></span> <span class='ocrx_word' id='word_1_237' title='bbox 706 3617 749 3682; x_wconf 87' lang='lat' dir='ltr'><strong>ad</strong></span> <span class='ocrx_word' id='word_1_238' title='bbox 777 3616 916 3683; x_wconf 80' lang='lat' dir='ltr'><strong>officinm</strong></span> <span class='ocrx_word' id='word_1_239' title='bbox 946 3638 1041 3683; x_wconf 90' lang='lat' dir='ltr'><strong>suum</strong></span> <span class='ocrx_word' id='word_1_240' title='bbox 1069 3612 1234 3703; x_wconf 85' lang='lat' dir='ltr'><strong>pertinent</strong></span> <span class='ocrx_word' id='word_1_241' title='bbox 1256 3636 1401 3681; x_wconf 73' lang='lat' dir='ltr'><strong>exerome</strong></span> <span class='ocrx_word' id='word_1_242' title='bbox 1428 3663 1436 3679; x_wconf 89' lang='lat'><strong>.</strong></span> <span class='ocrx_word' id='word_1_243' title='bbox 1461 3614 1563 3681; x_wconf 92' lang='lat' dir='ltr'><strong>donee</strong></span> <span class='ocrx_word' id='word_1_244' title='bbox 1587 3613 1676 3682; x_wconf 88' lang='lat' dir='ltr'><strong>idem</strong></span> 
     </span>
     <span class='ocr_line' id='line_1_23' title="bbox 199 3746 1675 3839; baseline 0.004 -25"><span class='ocrx_word' id='word_1_245' title='bbox 199 3746 370 3834; x_wconf 89' lang='lat' dir='ltr'><strong>episeopus</strong></span> <span class='ocrx_word' id='word_1_246' title='bbox 383 3747 538 3815; x_wconf 81' lang='lat' dir='ltr'><strong>duritiem</strong></span> <span class='ocrx_word' id='word_1_247' title='bbox 552 3770 644 3817; x_wconf 89' lang='lat' dir='ltr'><strong>susm</strong></span> <span class='ocrx_word' id='word_1_248' title='bbox 661 3750 816 3839; x_wconf 81' lang='lat' dir='ltr'><strong>reoogitet</strong></span> <span class='ocrx_word' id='word_1_249' title='bbox 839 3802 846 3817; x_wconf 92' lang='lat'><em>.</em></span> <span class='ocrx_word' id='word_1_250' title='bbox 870 3755 903 3818; x_wconf 88' lang='lat' dir='ltr'><strong>et</strong></span> <span class='ocrx_word' id='word_1_251' title='bbox 924 3749 1075 3819; x_wconf 80' lang='lat' dir='ltr'><strong>abbatem</strong></span> <span class='ocrx_word' id='word_1_252' title='bbox 1096 3750 1165 3818; x_wconf 88' lang='lat' dir='ltr'><strong>sine</strong></span> <span class='ocrx_word' id='word_1_253' title='bbox 1185 3749 1345 3837; x_wconf 82' lang='lat' dir='ltr'><strong>pravitate</strong></span> <span class='ocrx_word' id='word_1_254' title='bbox 1366 3750 1475 3837; x_wconf 85' lang='lat' dir='ltr'><strong>alique</strong></span> <span class='ocrx_word' id='word_1_255' title='bbox 1495 3748 1675 3819; x_wconf 80' lang='lat' dir='ltr'><strong>benedieat</strong></span> 
     </span>
     <span class='ocr_line' id='line_1_24' title="bbox 202 3882 1677 3977; baseline 0.002 -25"><span class='ocrx_word' id='word_1_256' title='bbox 202 3882 351 3972; x_wconf 81' lang='lat' dir='ltr'><strong>Oumqne</strong></span> <span class='ocrx_word' id='word_1_257' title='bbox 379 3883 616 3955; x_wconf 77' lang='lat' dir='ltr'><strong>benedicendus</strong></span> <span class='ocrx_word' id='word_1_258' title='bbox 643 3886 742 3955; x_wconf 86' lang='lat' dir='ltr'><strong>abbas</strong></span> <span class='ocrx_word' id='word_1_259' title='bbox 764 3892 868 3957; x_wconf 88' lang='lat' dir='ltr'><strong>vester</strong></span> <span class='ocrx_word' id='word_1_260' title='bbox 893 3889 936 3956; x_wconf 90' lang='lat' dir='ltr'><strong>sd</strong></span> <span class='ocrx_word' id='word_1_261' title='bbox 960 3888 1144 3977; x_wconf 91' lang='lat' dir='ltr'><strong>episoopnm</strong></span> <span class='ocrx_word' id='word_1_262' title='bbox 1166 3888 1291 3955; x_wconf 88' lang='lat' dir='ltr'><strong>venerit</strong></span> <span class='ocrx_word' id='word_1_263' title='bbox 1317 3937 1324 3953; x_wconf 94' lang='lat'><strong>.</strong></span> <span class='ocrx_word' id='word_1_264' title='bbox 1349 3910 1388 3955; x_wconf 89' lang='lat' dir='ltr'><strong>ea</strong></span> <span class='ocrx_word' id='word_1_265' title='bbox 1412 3886 1608 3974; x_wconf 87' lang='lat' dir='ltr'><strong>professione</strong></span> <span class='ocrx_word' id='word_1_266' title='bbox 1632 3887 1677 3955; x_wconf 91' lang='lat' dir='ltr'><strong>sit</strong></span> 
     </span>
     <span class='ocr_line' id='line_1_25' title="bbox 199 4022 1676 4111; baseline 0.001 -22"><span class='ocrx_word' id='word_1_267' title='bbox 199 4026 373 4089; x_wconf 69' lang='lat' dir='ltr'><strong>contemne</strong></span> <span class='ocrx_word' id='word_1_268' title='bbox 398 4023 563 4109; x_wconf 84' lang='lat' dir='ltr'><strong>episeopus</strong></span> <span class='ocrx_word' id='word_1_269' title='bbox 585 4072 593 4088; x_wconf 90' lang='lat'><strong>.</strong></span> <span class='ocrx_word' id='word_1_270' title='bbox 617 4023 737 4109; x_wconf 91' lang='lat' dir='ltr'><strong>quein</strong></span> <span class='ocrx_word' id='word_1_271' title='bbox 761 4025 874 4093; x_wconf 90' lang='lat' dir='ltr'><strong>ordine</strong></span> <span class='ocrx_word' id='word_1_272' title='bbox 897 4029 1003 4093; x_wconf 87' lang='lat' dir='ltr'><strong>vestro</strong></span> <span class='ocrx_word' id='word_1_273' title='bbox 1026 4024 1107 4093; x_wconf 88' lang='lat' dir='ltr'><strong>solet</strong></span> <span class='ocrx_word' id='word_1_274' title='bbox 1131 4022 1301 4111; x_wconf 88' lang='lat' dir='ltr'><strong>impendi.</strong></span> <span class='ocrx_word' id='word_1_275' title='bbox 1325 4045 1385 4090; x_wconf 90' lang='lat' dir='ltr'><strong>neo</strong></span> <span class='ocrx_word' id='word_1_276' title='bbox 1408 4022 1506 4090; x_wconf 84' lang='lat' dir='ltr'><strong>aliam</strong></span> <span class='ocrx_word' id='word_1_277' title='bbox 1528 4024 1569 4091; x_wconf 92' lang='lat' dir='ltr'><strong>de</strong></span> <span class='ocrx_word' id='word_1_278' title='bbox 1592 4044 1676 4092; x_wconf 88' lang='lat' dir='ltr'><strong>novo</strong></span> 
     </span>
     <span class='ocr_line' id='line_1_26' title="bbox 199 4156 1675 4250; baseline 0.004 -27"><span class='ocrx_word' id='word_1_279' title='bbox 199 4157 355 4245; x_wconf 88' lang='lat' dir='ltr'><strong>requirat.</strong></span> <span class='ocrx_word' id='word_1_280' title='bbox 400 4156 605 4227; x_wconf 75' lang='lat' dir='ltr'><strong>Auctoritate</strong></span> <span class='ocrx_word' id='word_1_281' title='bbox 619 4180 746 4249; x_wconf 89' lang='lat' dir='ltr'><strong>quoque</strong></span> <span class='ocrx_word' id='word_1_282' title='bbox 760 4162 934 4250; x_wconf 85' lang='lat' dir='ltr'><strong>apostoliea</strong></span> <span class='ocrx_word' id='word_1_283' title='bbox 948 4160 1196 4230; x_wconf 87' lang='lat' dir='ltr'><strong>interdioimus.</strong></span> <span class='ocrx_word' id='word_1_284' title='bbox 1219 4183 1261 4229; x_wconf 91' lang='lat' dir='ltr'><strong>ne</strong></span> <span class='ocrx_word' id='word_1_285' title='bbox 1283 4161 1355 4249; x_wconf 88' lang='lat' dir='ltr'><strong>quis</strong></span> <span class='ocrx_word' id='word_1_286' title='bbox 1375 4160 1497 4229; x_wconf 87' lang='lat' dir='ltr'><strong>vieinoe</strong></span> <span class='ocrx_word' id='word_1_287' title='bbox 1518 4161 1570 4228; x_wconf 91' lang='lat' dir='ltr'><strong>vel</strong></span> <span class='ocrx_word' id='word_1_288' title='bbox 1591 4183 1675 4229; x_wconf 91' lang='lat' dir='ltr'><strong>mer·</strong></span> 
     </span>
     <span class='ocr_line' id='line_1_27' title="bbox 202 4294 1677 4386; baseline 0.003 -25"><span class='ocrx_word' id='word_1_289' title='bbox 202 4294 369 4362; x_wconf 83' lang='lat' dir='ltr'><strong>eennarios</strong></span> <span class='ocrx_word' id='word_1_290' title='bbox 383 4300 504 4363; x_wconf 89' lang='lat' dir='ltr'><strong>vestros</strong></span> <span class='ocrx_word' id='word_1_291' title='bbox 520 4346 527 4363; x_wconf 91' lang='lat'><em>.</em></span> <span class='ocrx_word' id='word_1_292' title='bbox 543 4319 601 4385; x_wconf 93' lang='lat' dir='ltr'><strong>pro</strong></span> <span class='ocrx_word' id='word_1_293' title='bbox 616 4320 653 4365; x_wconf 92' lang='lat' dir='ltr'><strong>eo</strong></span> <span class='ocrx_word' id='word_1_294' title='bbox 667 4300 755 4385; x_wconf 89' lang='lat' dir='ltr'><strong>quod</strong></span> <span class='ocrx_word' id='word_1_295' title='bbox 769 4322 825 4368; x_wconf 90' lang='lat' dir='ltr'><strong>vos</strong></span> <span class='ocrx_word' id='word_1_296' title='bbox 839 4300 881 4367; x_wconf 87' lang='lat' dir='ltr'><strong>ad</strong></span> <span class='ocrx_word' id='word_1_297' title='bbox 898 4298 1112 4367; x_wconf 81' lang='lat' dir='ltr'><strong>laborandum</strong></span> <span class='ocrx_word' id='word_1_298' title='bbox 1129 4297 1316 4386; x_wconf 80' lang='lat' dir='ltr'><strong>adjuverint</strong></span> <span class='ocrx_word' id='word_1_299' title='bbox 1338 4348 1346 4364; x_wconf 92' lang='lat'><strong>.</strong></span> <span class='ocrx_word' id='word_1_300' title='bbox 1369 4297 1406 4365; x_wconf 89' lang='lat' dir='ltr'><strong>in</strong></span> <span class='ocrx_word' id='word_1_301' title='bbox 1424 4297 1491 4365; x_wconf 90' lang='lat' dir='ltr'><strong>illis</strong></span> <span class='ocrx_word' id='word_1_302' title='bbox 1508 4297 1622 4366; x_wconf 90' lang='lat' dir='ltr'><strong>diebus</strong></span> <span class='ocrx_word' id='word_1_303' title='bbox 1639 4297 1677 4365; x_wconf 92' lang='lat' dir='ltr'><strong>in</strong></span> 
     </span>
     <span class='ocr_line' id='line_1_28' title="bbox 202 4430 1677 4523; baseline 0.004 -26"><span class='ocrx_word' id='word_1_304' title='bbox 202 4430 320 4517; x_wconf 88' lang='lat' dir='ltr'><strong>quibus</strong></span> <span class='ocrx_word' id='word_1_305' title='bbox 337 4430 491 4499; x_wconf 85' lang='lat' dir='ltr'><strong>laboratis</strong></span> <span class='ocrx_word' id='word_1_306' title='bbox 504 4436 538 4501; x_wconf 87' lang='lat' dir='ltr'><strong>et</strong></span> <span class='ocrx_word' id='word_1_307' title='bbox 551 4432 609 4501; x_wconf 90' lang='lat' dir='ltr'><strong>alii</strong></span> <span class='ocrx_word' id='word_1_308' title='bbox 621 4434 781 4502; x_wconf 86' lang='lat' dir='ltr'><strong>feriantur</strong></span> <span class='ocrx_word' id='word_1_309' title='bbox 804 4486 811 4501; x_wconf 95' lang='lat'>.</span> <span class='ocrx_word' id='word_1_310' title='bbox 835 4436 888 4504; x_wconf 92' lang='lat' dir='ltr'><strong>vel</strong></span> <span class='ocrx_word' id='word_1_311' title='bbox 909 4435 1019 4523; x_wconf 90' lang='lat' dir='ltr'><strong>aliqua</strong></span> <span class='ocrx_word' id='word_1_312' title='bbox 1040 4434 1202 4504; x_wconf 89' lang='lat' dir='ltr'><strong>ooeasione</strong></span> <span class='ocrx_word' id='word_1_313' title='bbox 1223 4456 1334 4503; x_wconf 90' lang='lat' dir='ltr'><strong>eorum</strong></span> <span class='ocrx_word' id='word_1_314' title='bbox 1356 4455 1419 4521; x_wconf 92' lang='lat' dir='ltr'><strong>que</strong></span> <span class='ocrx_word' id='word_1_315' title='bbox 1440 4434 1483 4501; x_wconf 89' lang='lat' dir='ltr'><strong>eb</strong></span> <span class='ocrx_word' id='word_1_316' title='bbox 1503 4434 1677 4523; x_wconf 80' lang='lat' dir='ltr'><strong>apostoliea</strong></span> 
     </span>
     <span class='ocr_line' id='line_1_29' title="bbox 201 4566 1676 4659; baseline 0.003 -24"><span class='ocrx_word' id='word_1_317' title='bbox 201 4566 405 4657; x_wconf 84' lang='lat' dir='ltr'><strong>benignitate</strong></span> <span class='ocrx_word' id='word_1_318' title='bbox 419 4567 510 4637; x_wconf 88' lang='lat' dir='ltr'><strong>vobis</strong></span> <span class='ocrx_word' id='word_1_319' title='bbox 523 4568 653 4638; x_wconf 89' lang='lat' dir='ltr'><strong>indulta</strong></span> <span class='ocrx_word' id='word_1_320' title='bbox 665 4574 742 4639; x_wconf 86' lang='lat' dir='ltr'><strong>sunt</strong></span> <span class='ocrx_word' id='word_1_321' title='bbox 758 4622 765 4637; x_wconf 93' lang='lat'>.</span> <span class='ocrx_word' id='word_1_322' title='bbox 781 4595 839 4640; x_wconf 88' lang='lat' dir='ltr'><strong>seu</strong></span> <span class='ocrx_word' id='word_1_323' title='bbox 851 4572 1071 4643; x_wconf 68' lang='lat' dir='ltr'><strong>benehetores</strong></span> <span class='ocrx_word' id='word_1_324' title='bbox 1084 4578 1205 4641; x_wconf 87' lang='lat' dir='ltr'><strong>vestroe</strong></span> <span class='ocrx_word' id='word_1_325' title='bbox 1217 4594 1276 4659; x_wconf 90' lang='lat' dir='ltr'><strong>pro</strong></span> <span class='ocrx_word' id='word_1_326' title='bbox 1291 4594 1329 4639; x_wconf 89' lang='lat' dir='ltr'><strong>eo</strong></span> <span class='ocrx_word' id='word_1_327' title='bbox 1346 4573 1434 4659; x_wconf 89' lang='lat' dir='ltr'><strong>quod</strong></span> <span class='ocrx_word' id='word_1_328' title='bbox 1454 4570 1565 4659; x_wconf 84' lang='lat' dir='ltr'><strong>aliqua</strong></span> <span class='ocrx_word' id='word_1_329' title='bbox 1585 4569 1676 4640; x_wconf 90' lang='lat' dir='ltr'><strong>vobis</strong></span> 
     </span>
     <span class='ocr_line' id='line_1_30' title="bbox 203 4702 1679 4800; baseline 0.001 -27"><span class='ocrx_word' id='word_1_330' title='bbox 203 4702 358 4775; x_wconf 61' lang='lat' dir='ltr'><strong>hnefieia</strong></span> <span class='ocrx_word' id='word_1_331' title='bbox 379 4706 421 4775; x_wconf 91' lang='lat' dir='ltr'><strong>de</strong></span> <span class='ocrx_word' id='word_1_332' title='bbox 443 4707 572 4795; x_wconf 85' lang='lat' dir='ltr'><strong>proprio</strong></span> <span class='ocrx_word' id='word_1_333' title='bbox 596 4758 604 4774; x_wconf 92' lang='lat'><strong><em>.</em></strong></span> <span class='ocrx_word' id='word_1_334' title='bbox 628 4708 681 4776; x_wconf 90' lang='lat' dir='ltr'><strong>vel</strong></span> <span class='ocrx_word' id='word_1_335' title='bbox 702 4708 854 4798; x_wconf 87' lang='lat' dir='ltr'><strong>obsequia</strong></span> <span class='ocrx_word' id='word_1_336' title='bbox 878 4732 919 4778; x_wconf 86' lang='lat' dir='ltr'><strong>ex</strong></span> <span class='ocrx_word' id='word_1_337' title='bbox 943 4710 1077 4779; x_wconf 85' lang='lat' dir='ltr'><strong>esritate</strong></span> <span class='ocrx_word' id='word_1_338' title='bbox 1102 4711 1313 4800; x_wconf 82' lang='lat' dir='ltr'><strong>prestiterunt</strong></span> <span class='ocrx_word' id='word_1_339' title='bbox 1338 4760 1346 4775; x_wconf 87' lang='lat'><strong>.</strong></span> <span class='ocrx_word' id='word_1_340' title='bbox 1370 4709 1560 4789; x_wconf 85' lang='lat' dir='ltr'><strong>interdioere</strong></span> <span class='ocrx_word' id='word_1_341' title='bbox 1586 4760 1594 4777; x_wconf 90' lang='lat'><strong>.</strong></span> <span class='ocrx_word' id='word_1_342' title='bbox 1619 4712 1679 4776; x_wconf 89' lang='lat' dir='ltr'><strong>aut</strong></span> 
     </span>
    </p>
   </div>
   <div class='ocr_carea' id='block_1_6' title="bbox 0 0 2075 5348">
    <p class='ocr_par' dir='ltr' id='par_1_6' title="bbox 0 0 2075 5348">
     <span class='ocr_line' id='line_1_31' title="bbox 0 0 2075 5348; baseline 0 0"><span class='ocrx_word' id='word_1_343' title='bbox 0 0 2075 5348; x_wconf 95' lang='lat' dir='ltr'><strong> </strong></span> 
     </span>
    </p>
   </div>
  </div>
 </body>
</html>
