4125 5359
430 578 494 649 160

387 894 546 963 Missum
571 944 579 962 .
604 898 638 965 et
659 896 825 964 moneehis
846 896 967 965 ibidem
990 896 1064 967 Dee
1084 897 1298 969 surimbbus
1319 902 1428 966 tetum
1445 898 1501 985 jus
1521 902 1669 969 nostrum
1691 905 1726 969 et
1747 906 1854 971 totum

387 1034 540 1101 elumium
560 1034 649 1120 quod
665 1032 862 1102 habebamus
881 1038 1039 1121 tunquam
1058 1035 1191 1105 heredes
1209 1034 1347 1104 Boussr
1366 1034 1453 1103 ΚΑΜ
1470 1036 1574 1127 putris
1592 1038 1695 1107 nostri
1713 1038 1750 1107 in
1768 1044 1854 1108 terre

387 1192 486 1259 quum
509 1170 577 1259 ipse
600 1170 707 1239 tenuit
728 1171 768 1239 de
790 1170 1005 1239 uiuimus
1024 1174 1061 1243 in
1080 1172 1179 1243 {eudo
1200 1174 1242 1242 de
1260 1172 1561 1263 Bossmmps]
1579 1178 1643 1243 ‚ut
1661 1173 1802 1243 bubennt
1820 1181 1853 1244 et

385 1310 519 1375 teneant
547 1307 627 1375 dieti
654 1308 804 1377 monaehi
832 1310 953 1377 dietum
981 1314 1102 1379 terrum
1128 1310 1230 1379 bbere
1257 1310 1367 1399 quiete
1394 1314 1429 1379 et
1455 1310 1586 1399 peuifiee
1613 1334 1673 1400 pro
1700 1312 1794 1382 nobis
1821 1319 1854 1383 et

386 1444 536 1513 omnibus
549 1443 720 1541 heredibus
734 1446 852 1513 nostris
865 1448 948 1515 ment
962 1448 1031 1517 ulle
1045 1448 1219 1517 elemosins
1237 1447 1290 1515 rel
1308 1448 1414 1515 ullum
1426 1450 1651 1519 tenementum
1668 1448 1802 1517 liberius
1820 1455 1854 1518 et

386 1582 526 1670 quietius
540 1581 651 1651 heberi
666 1588 772 1672 potest
786 1586 838 1653 vel
851 1585 964 1653 teneri
1010 1584 1058 1653 Et
1076 1584 1243 1653 suiendum
1261 1585 1349 1672 quod
1367 1585 1569 1653 affidavimns
1587 1590 1623 1653 et
1640 1607 1736 1674 super
1751 1608 1852 1654 suero·

384 1724 496 1789 ennete
523 1721 653 1790 eoelesie
681 1722 723 1790 de
752 1722 907 1791 Menneu
936 1722 1118 1811 juravimus
1146 1722 1234 1809 quod
1262 1722 1360 1791 istum
1392 1722 1626 1790 wneemionem
1660 1727 1695 1790 et
1729 1723 1853 1810 quitum

385 1858 612 1927 elsmuuionem
637 1860 775 1927 fideliter
800 1864 834 1930 et
859 1860 929 1929 sine
954 1860 1028 1928 dolo
1054 1858 1252 1928 servabimus
1273 1863 1308 1927 et
1329 1864 1441 1928 eunus
1462 1880 1573 1927 omnes
1594 1858 1740 1927 homines
1761 1859 1854 1927 dietis

383 1995 549 2063 mousebis
562 1996 842 2065 warantimbimus
857 1997 892 2063 in
907 2002 1109 2085 perpetuum.
1153 1994 1202 2065 Et
1215 1996 1294 2085 quie
1306 1996 1437 2086 propriu
1454 1996 1564 2085 sigilis
1576 2018 1645 2065 non
1658 1996 1828 2065 babuimus
1842 2046 1851 2061 .

384 2132 530 2223 sigillum
549 2132 685 2201 Rounsu
705 2132 791 2202 Kese
811 2135 912 2223 petris
931 2134 1033 2203 nostri
1053 2135 1097 2202 sd
1115 2134 1306 2222 petitionem
1328 2137 1472 2201 nostrum
1497 2133 1639 2222 presenti
1665 2134 1782 2221 seriptu
1806 2137 1853 2199 est

385 2270 578 2359 appositum.
623 2270 702 2339 Hiis
715 2270 860 2340 testibus

429 2431 633 2501 Eanum-⁶
642 2432 821 2521 Abjureeio
837 2456 906 2501 1111.
923 2433 1065 2501 filiorum
1078 2432 1151 2521 ejus
1164 2432 1206 2501 de
1220 2435 1335 2503 eedem
1348 2434 1457 2501 term!

1053 2732 1192 2803 DOLX,

409 2896 574 2969 GRAN'I?
603 2898 670 2967 BY
701 2896 885 2978 HENRY,
911 2892 1070 2963 ΑΒΒΟΤ
1100 2893 1161 2962 OF
1190 2892 1508 2977 GIDUOESTER,
1537 2893 1597 2963 ΤΟ
1624 2892 1835 2964 mesu

808 3033 869 3101 OF
904 3030 1038 3101 LAND
1075 3030 1132 3099 IN
1169 3030 1441 3101 LLANGEWI.

972 3192 1144 3284 [Pnnmcs
1166 3192 1282 3284 Mes]
1600 3195 1704 3265 Aure
1721 3198 1815 3263 1202.

1015 3356 1237 3425 Ornoensrm

435 3496 546 3571 Suient
582 3516 692 3563 omnes
731 3492 834 3583 [tem]
872 3496 1036 3581 presentes
1064 3515 1163 3581 quum
1189 3494 1294 3562 futuri
1322 3495 1410 3583 quod
1437 3516 1500 3583 ege
1528 3493 1714 3563 Hsnmcus
1747 3492 1861 3583 [ubbus

389 3632 576 3702 monasterii
601 3630 728 3720 Senuti]
753 3631 861 3698 Persi
885 3629 1121 3699 Gnoucnsrmn
1144 3636 1177 3700 et
1200 3631 1347 3720 ejusdem
1366 3630 1430 3699 leui
1450 3635 1627 3700 conventus
1648 3632 1858 3700 wnuessimus

392 3768 726 3841 etheumrtenostru
740 3767 1275 3837 eonfirmevimus.renersbilibus
1289 3818 1495 3837 .......
1516 3767 1858 3837 sbbutieteonreutui

392 3908 433 3977 de
452 3906 609 3975 Missis
630 3958 637 3974 .
661 3910 780 3975 terrum
802 3906 893 3974 illum
914 3906 950 3973 in
972 3906 1070 3975 feudo
1091 3906 1133 3975 de
1153 3904 1329 3978 Lunum
1346 3928 1445 3993 quem
1463 3904 1681 3976 Wmssnmue
1703 3906 1859 3976 &punse

391 4046 483 4115 dedit
506 4095 646 4113 .....
670 4044 796 4111 Ewsru
813 4094 820 4110 .
836 4049 876 4112 ut
888 4042 1030 4113 habeant
1043 4044 1195 4114 monaehi
1208 4046 1251 4113 de
1264 4044 1444 4112 mensu.
1463 4046 1861 4132 prediutumterrnmenm

393 4182 543 4253 omnibus
570 4181 775 4250 libertatibus
803 4185 837 4248 et
864 4182 1063 4251 uisiememb
1083 4180 1151 4250 suis
1173 4232 1181 4247 .
1205 4233 1214 4250 .
1238 4230 1247 4247 .
1272 4230 1281 4247 .
1309 4180 1400 4249 omni
1422 4181 1555 4249 serviuio
1575 4181 1807 4249 eonsuetudirse
1827 4184 1861 4246 et

392 4322 567 4390 exsensus.
622 4318 802 4389 Reddendo
819 4319 897 4389 inde
917 4320 1090 4391 unnusb‘m
1103 4341 1145 4387 u.
1159 4318 1361 4389 solummodo
1381 4317 1511 4387 seelesie
1532 4316 1645 4387 Smeu'
1664 4318 1861 4386 monime

391 4462 563 4529 de....
597 4456 1240 4547 [Ew]nn1.udterminnmPesebe.
1297 4455 1861 4546 Etprediotnmtemmprehtie

390 4598 559 4667 moneebis
573 4602 685 4667 oenus
697 4616 809 4665 omnes
825 4594 972 4665 homines
991 4594 1272 4664 wurmtimbimue
1291 4595 1328 4663 in
1348 4598 1552 4683 perpetium
1595 4594 1640 4663 Iu
1663 4592 1777 4685 [eujus
1794 4592 1861 4684 szi

390 4736 613 4807 testimonium
640 4756 772 4824 presens
796 4734 951 4823 seriptum
975 4733 1012 4801 in
1040 4732 1138 4804 modo
1162 4732 1367 4822 Oyrogrspbi
1390 4732 1587 4803 eunieuimus
1611 4784 1621 4801 .
1644 4732 1738 4823 eujus
1760 4752 1863 4800 unum
