4125 5359
420 610 486 680 282

376 928 542 996 interdum
554 925 757 1014 propriorum
770 923 990 1012 episeoporum
1004 920 1129 1008 oopiam
1140 941 1207 988 non
1217 919 1343 990 habetis
1353 921 1382 988 si
1392 941 1489 1008 quem
1499 919 1683 1008 episeopum
1693 919 1842 990 Romen

376 1065 461 1132 sedis
478 1068 519 1130 ut
536 1062 679 1130 diximus
697 1060 956 1128 eommunionem
968 1056 1142 1125 habentem
1158 1108 1166 1123 .
1182 1063 1216 1125 et
1230 1059 1270 1125 da
1284 1079 1349 1144 qno
1362 1057 1493 1146 plenam
1507 1059 1661 1126 notioiam
1674 1060 1818 1128 habeatis
1832 1111 1839 1128 .

377 1225 436 1291 per
449 1223 506 1270 vos
519 1201 656 1268 mandre
669 1199 842 1288 eontigerit
855 1197 897 1267 ab
911 1219 949 1265 eo
962 1195 1200 1265 benedietionee
1213 1215 1362 1264 saeorum
1376 1201 1410 1264 et
1423 1197 1580 1264 vestium.
1597 1198 1842 1266 eonsecrationes

375 1342 529 1410 altarium
545 1391 552 1406 .
569 1339 786 1408 ordinationes
798 1334 1029 1403 monaohomm
1044 1333 1233 1402 austeritate
1247 1334 1419 1421 epostolioe
1433 1334 1516 1401 sedis
1533 1335 1673 1421 recipere
1686 1335 1839 1402 rdestie.

376 1478 478 1546 Porro
493 1477 520 1545 si
534 1476 674 1564 episeopi
687 1475 740 1543 vel
753 1474 810 1541 alii
824 1473 1027 1541 eoolesiamm
1041 1474 1178 1538 rectores
1191 1469 1227 1537 in
1240 1470 1471 1538 monasterium
1480 1473 1623 1537 vestrum
1634 1471 1685 1537 vel
1695 1493 1841 1557 perseam

373 1614 457 1684 inibi
471 1613 660 1683 eonstitntas
675 1610 915 1699 suspensionis.
939 1607 1277 1676 exeommunioationie
1298 1609 1350 1675 vel
1371 1606 1535 1675 intendisti
1556 1608 1750 1675 sententiam
1770 1631 1839 1696 pro-

374 1753 571 1842 mulgaverit
587 1802 594 1817 .
610 1751 678 1818 sire
691 1750 791 1817 etiam
804 1749 841 1814 in
855 1745 1090 1814 meroennan'os
1103 1749 1224 1813 vestros
1238 1767 1296 1833 pro
1311 1747 1451 1832 eoquod
1473 1745 1612 1814 deoimas
1632 1768 1699 1813 non
1720 1746 1841 1816 solvitis

373 1890 441 1958 sive
465 1891 576 1978 aliqua
600 1887 763 1956 oooasione
779 1905 975 1970 eorumque
996 1883 1039 1950 ab
1060 1881 1234 1970 apostoliea
1254 1882 1457 1970 benignitate
1479 1883 1570 1951 vobis
1591 1885 1719 1951 indulta
1741 1889 1837 1952 sunt.

372 2051 430 2096 seu
457 2026 676 2095 benefactores
704 2027 825 2091 vestroe
848 2043 908 2111 pro
936 2043 975 2088 eo
1003 2021 1091 2107 quod
1119 2019 1229 2108 aliqua
1257 2019 1347 2087 vobis
1371 2019 1526 2088 benefieia
1548 2022 1601 2088 vel
1625 2021 1778 2109 obsequia
1801 2043 1840 2090 ex

373 2165 507 2232 estate
522 2161 721 2251 prostiterint
736 2211 744 2226 .
760 2160 812 2227 vel
825 2160 869 2226 ad
881 2157 1095 2226 laborandum
1109 2156 1296 2244 adjuverint
1313 2157 1349 2224 in
1370 2157 1436 2226 illie
1457 2158 1570 2225 diebus
1590 2157 1626 2224 in
1648 2158 1766 2246 quibus
1787 2181 1840 2227 vos

375 2301 529 2370 laboratis
542 2306 576 2367 et
590 2300 647 2367 alii
660 2299 820 2365 ferientur
833 2297 970 2364 eandem
983 2294 1176 2362 sententiam
1190 2265 1384 2381 protnlerint
1399 2347 1406 2362 .
1422 2296 1526 2382 ipsam
1543 2301 1710 2383 tamqnam
1732 2302 1841 2364 eontra

374 2439 459 2507 aare
472 2437 645 2524 epotam
657 2435 787 2503 uena
800 2434 960 2521 proaem
973 2405 1127 2500 duximus
1146 2430 1337 2498 aetenum
1357 2482 1365 2499 .
1389 2454 1448 2498 neo
1464 2432 1571 2499 neam
1585 2433 1641 2499 ne
1655 2433 1841 2502 aeream

370 2576 512 2644 habeant
526 2597 607 2661 quas
620 2573 718 2640 taeito
732 2572 864 2638 nomine
885 2571 1136 2640 Omnncrnnsrs
1158 2573 1280 2641 ordinis
1303 2625 1310 2640 .
1334 2577 1369 2642 et
1391 2579 1503 2642 eontra
1524 2579 1669 2642 tenorem
1690 2576 1839 2664 apostoli·

318 2767 327 2776 ,
371 2734 482 2780 eorum
498 2709 743 2799 privilegiorum
764 2707 942 2776 eonstiterit
962 2707 1139 2795 impetrari.
1185 2709 1264 2778 Paei
1285 2733 1412 2799 quoque
1434 2717 1467 2780 et
1487 2713 1717 2799 tranquillitati
1738 2719 1841 2781 vestre

372 2854 508 2937 paterna
538 2848 749 2934 impostemm
783 2845 999 2912 sollieitudine
1032 2846 1199 2934 providere
1229 2848 1377 2953 ¹uolentes
1408 2898 1415 2915 .
1447 2849 1636 2916 anctoritate
1669 2851 1841 2937 apostoliea

371 2987 578 3075 prohibemus
591 2990 630 3052 ut
643 2984 731 3052 inira
745 2985 907 3051 elausuras
920 2984 1064 3052 looorum
1078 3009 1134 3053 sen
1148 2985 1359 3074 grangiarum
1374 2989 1551 3053 vestrarum
1571 2987 1680 3054 nullus
1693 2987 1841 3076 rapinam

371 3147 428 3192 seu
450 3124 577 3190 frurtrmr
598 3122 704 3190 faeere
727 3174 734 3188 .
759 3121 871 3210 ignem
895 3143 1056 3208 apponere
1082 3171 1089 3188 .
1117 3123 1310 3210 sanguinem
1334 3121 1471 3190 sundere
1496 3175 1505 3192 .
1533 3125 1698 3192 hominem
1723 3129 1841 3193 temera

372 3285 484 3349 eapere
498 3262 551 3328 vel
564 3261 742 3328 interfieere
764 3283 821 3327 seu
841 3237 1029 3327 violentiam
1050 3261 1168 3327 audeat
1190 3283 1344 3328 exarsere.
1389 3261 1540 3330 Preterea
1554 3285 1665 3330 omnes
1678 3261 1868 3331 libertates·

371 3405 407 3466 et
419 3400 640 3466 immunitates
654 3421 674 3464 a
688 3397 959 3484 predeoeseoribus
972 3398 1090 3464 nostris
1127 3395 1286 3464 Romame
1300 3397 1504 3484 pontideibus
1518 3398 1624 3466 ordini
1643 3403 1749 3467 vestro
1769 3423 1841 3468 oon·

372 3559 474 3604 oessas
497 3587 504 3601 .
527 3559 653 3603 neenon
670 3539 704 3602 et
717 3535 881 3602 libertates
895 3538 929 3601 et
942 3535 1160 3622 exemptiones
1180 3535 1370 3602 secularium
1389 3535 1593 3604 exactionum
1611 3559 1632 3602 a
1644 3535 1793 3624 Regibus
1811 3541 1844 3606 et

374 3673 573 3761 principibus
593 3723 601 3739 .
623 3674 674 3740 vel
693 3673 766 3739 aliia
785 3672 933 3740 fidelibus
947 3672 1182 3740 rationabiliter
1198 3673 1288 3740 vobis
1305 3673 1448 3742 indultas
1465 3675 1653 3743 anctoritate
1671 3677 1845 3762 apostoliea

375 3813 600 3880 oonfirmamus
615 3862 622 3877 .
640 3814 674 3877 et
686 3810 843 3897 presentis
858 3809 967 3897 seripti
980 3809 1152 3898 privilegio
1166 3811 1410 3878 eommunimus.

418 3948 630 4016 Deoemimus
644 3970 722 4035 ergo
734 3951 773 4014 ut
784 3948 869 4015 nulli
879 3947 1011 4015 omnino
1021 3946 1191 4015 hominum
1202 3948 1298 4016 lieeat
1308 3947 1471 4036 prefatum
1484 3949 1715 4017 monesterium
1725 3953 1844 4020 temere

372 4085 560 4175 perturbere
575 4137 583 4152 .
599 4090 657 4152 aut
674 4085 746 4173 ejus
762 4086 973 4172 possessiones
993 4085 1121 4153 auferre
1143 4135 1151 4151 .
1175 4085 1228 4152 vel
1249 4085 1373 4153 ablatas
1393 4065 1531 4154 retinere
1555 4137 1562 4151 .
1586 4087 1732 4154 minuere
1754 4139 1762 4154 .
1787 4109 1843 4154 seu

375 4223 574 4311 quibuslibet
588 4221 811 4290 vexationibus
824 4221 963 4308 fatigare
983 4270 992 4289 .
1015 4223 1072 4289 sed
1093 4221 1202 4290 omnia
1223 4223 1352 4312 integra
1374 4227 1600 4290 eonserventur
1622 4274 1630 4291 .
1654 4235 1766 4292 eoram·
1782 4243 1844 4311 pro

375 4383 514 4448 qnorum
528 4358 761 4448 gubernatione
775 4381 812 4426 ao
826 4359 1059 4426 distentatione
1072 4383 1218 4428 oonoessa
1235 4365 1312 4427 sunt
1332 4359 1443 4427 usibus
1458 4360 1650 4428 omnimodis
1663 4359 1840 4448 profutura

378 4499 476 4566 Salva
495 4498 579 4566 aedis
597 4497 769 4584 apostoliae
791 4496 989 4563 auctoritate.
1035 4494 1072 4563 Si
1095 4497 1152 4583 qui
1176 4495 1278 4584 igitur
1301 4496 1334 4563 in
1359 4493 1509 4562 tuumrm
1529 4496 1739 4565 eeclesiastiea
1757 4519 1842 4566 seen·

376 4637 493 4705 larisve
516 4658 652 4724 persona
676 4634 760 4703 hano
783 4638 892 4702 nostre
920 4632 1157 4702 eonstitutionis
1185 4633 1340 4722 paginam
1368 4633 1470 4702 eeiens
1494 4639 1605 4702 eontra
1629 4657 1702 4702 eam
1726 4649 1844 4703 temore

377 4775 489 4848 venire
515 4772 723 4861 temptaverit
751 4822 760 4840 .
790 4773 930 4840 amando
957 4771 1094 4841 tertiove
1118 4771 1314 4840 eommonita
1337 4771 1401 4840 nisi
1429 4777 1555 4840 reatum
1584 4793 1677 4840 suum
1703 4793 1845 4862 oongraa
