4125 5359
983 876 1195 949 Dcxxxv.

352 1040 516 1109 GRAN'I'
559 1039 625 1109 ΒΥ
667 1040 939 1109 GHrLEBERT
983 1037 1185 1121 BURDIN,
1225 1039 1329 1108 AND
1364 1042 1523 1111 AGNES
1558 1044 1642 1113 HIs
1678 1044 1819 1129 wma

459 1177 731 1246 DAUGHTER
775 1176 835 1245 OF
879 1175 1100 1244 GAUFRH)
1144 1174 1338 1257 swam,
1383 1177 1442 1245 ΤΟ
1487 1178 1708 1261 moena
1757 1181 1819 1250 oF

459 1313 593 1381 LAND
629 1313 767 1382 NEAR
803 1313 903 1381 THE
940 1311 1055 1381 Bono
1094 1312 1155 1380 OF
1194 1310 1388 1381 sunam.

820 1476 952 1565 [Hane.
969 1475 1146 1557 Cauaras,
1162 1476 1204 1541 75
1220 1472 1261 1541 Β.
1277 1472 1349 1562 26.]
1481 1562 1485 1568 .

392 1638 504 1705 Sciant
517 1662 627 1706 omnes
641 1644 803 1726 presentes
817 1644 851 1706 et
868 1639 971 1706 futuri
995 1690 1002 1704 .
1027 1640 1114 1726 quod
1134 1659 1196 1727 ego
1219 1636 1458 1705 Gnnnaaanus
1480 1636 1621 1704 Bonum
1643 1643 1677 1704 et
1696 1638 1817 1707 Aonas

348 1798 430 1843 uxor
444 1798 516 1843 mea
533 1828 539 1842 .
563 1781 597 1843 et
611 1776 671 1843 fflii
685 1776 750 1845 mei
765 1776 883 1843 soilioet
898 1775 1100 1843 Ganrarnns
1114 1780 1148 1843 et
1162 1776 1378 1845 Wmaanrrns
1392 1775 1594 1842 oonoedimus
1613 1780 1647 1843 et
1660 1776 1817 1866 donamus

347 1910 459 1979 abbati
472 1917 506 1979 ot
518 1914 683 1980 monachis
697 1912 814 1980 Sancto
829 1912 951 1979 Maera
971 1915 1011 1981 de
1033 1913 1189 1981 Marem
1209 1964 1217 1979 .
1238 1918 1358 1981 terram
1379 1935 1442 1999 que
1463 1912 1549 2000 jaoet
1569 1911 1667 1999 juxta
1686 1912 1817 1981 bosourn

347 2048 480 2115 Srunnn
496 2051 538 2115 ad
553 2050 737 2137 aquilonem
754 2101 760 2115 .
778 2073 876 2137 quam
891 2051 981 2117 dedit
995 2051 1077 2117 mihi
1096 2049 1299 2118 Gaurarnus
1318 2049 1452 2117 Sruaru
1474 2049 1510 2115 in
1535 2047 1737 2116 excambium
1758 2072 1817 2137 pro

346 2190 432 2253 terra
446 2208 544 2272 quam
558 2188 648 2273 prins
661 2187 743 2253 mihi
758 2190 890 2255 dederet
904 2212 977 2255 oum
992 2188 1060 2255 filia
1079 2212 1138 2255 aua
1158 2189 1289 2277 quando
1309 2210 1382 2255 eam
1403 2187 1510 2275 aooepi
1530 2208 1673 2253 uxorem.
1718 2185 1817 2253 Hano

346 2329 448 2389 totam
462 2328 582 2390 terram
597 2346 671 2391 oum
685 2329 777 2411 prato
793 2327 879 2411 quod
894 2325 924 2392 ei
938 2326 992 2413 adj
996 2330 1066 2392 aoet
1082 2375 1089 2390 .
1106 2325 1310 2393 oonoedimus
1323 2330 1478 2413 perpetua
1495 2324 1668 2393 donatione
1681 2325 1817 2412 predicti

346 2461 407 2527 looi
421 2460 587 2527 monaohie
607 2461 643 2527 in
665 2466 853 2548 perpetuam
876 2462 1083 2529 elemosinam
1103 2484 1162 2549 pro
1183 2462 1294 2529 anima
1315 2460 1491 2529 Ganrnnu
1513 2460 1647 2529 Srunrrr
1671 2513 1678 2527 .
1702 2465 1736 2529 et
1756 2483 1815 2548 pro

346 2595 515 2663 animabus
530 2598 675 2665 omnium
694 2603 865 2685 parentum
887 2604 1070 2666 nostrornm
1090 2598 1226 2667 liberam
1240 2602 1274 2666 et
1288 2598 1431 2685 quietam
1446 2598 1487 2666 ab
1502 2598 1590 2665 omni
1604 2598 1769 2665 amotione
1783 2602 1817 2665 et

345 2734 474 2802 servitio
490 2735 623 2801 seculari
640 2785 648 2801 .
664 2738 856 2802 oonoedento
871 2734 1013 2802 Rooaao
1025 2734 1159 2802 Srcanrr
1175 2737 1216 2803 de
1230 2758 1295 2823 quo
1309 2735 1486 2823 predictam
1500 2740 1621 2803 terram
1634 2736 1735 2802 tenui
1769 2734 1816 2802 Et

344 2894 404 2958 pro
418 2869 478 2938 hae
493 2872 665 2938 donatione
689 2922 697 2937 .
721 2870 819 2939 abbas
837 2874 876 2939 de
898 2870 1054 2938 Manena
1076 2873 1168 2939 dedit
1188 2871 1270 2939 mihi
1293 2923 1301 2937 .
1324 2893 1381 2937 xx.
1405 2872 1522 2939 solidos
1545 2923 1552 2937 .
1576 2876 1609 2937 et
1630 2873 1725 2939 uxori
1745 2894 1817 2939 mee

346 3031 450 3075 unum
463 3007 626 3075 bisantum
650 3013 684 3075 et
704 3009 785 3075 duas
807 3032 947 3077 summas
969 3010 1009 3077 de
1030 3008 1116 3076 fabis
1139 3060 1146 3074 .
1170 3013 1204 3076 et
1224 3009 1354 3097 utrique
1375 3008 1516 3075 filiorum
1536 3010 1681 3076 mo'orum
1702 3008 1817 3078 rubeos

347 3146 475 3213 oaloeos.
529 3144 679 3212 'Postibus
708 3145 808 3212 fratre
836 3144 1030 3212 V1ncnrsr1o
1069 3198 1076 3212 .
1114 3144 1311 3215 Wmnnnnro
1345 3138 1509 3233 oapeliano
1541 3147 1582 3213 de
1610 3144 1782 3213 Kauarno
1806 3196 1814 3211 .

347 3282 524 3351 Wanrnao
540 3304 653 3349 nonan
669 3334 676 3347 .
694 3280 855 3347 Ronamo
870 3304 1073 3349 eononrsrna
1088 3335 1095 3349 .
1112 3282 1295 3350 Gauramo
1309 3283 1376 3351 filio
1390 3282 1463 3371 ejus
1485 3334 1493 3349 .
1516 3282 1676 3349 Eruuaro
1695 3307 1815 3351 meroa-

347 3426 416 3488 tore
432 3472 439 3486 .
456 3421 563 3487 Anam
578 3420 645 3486 filio
660 3418 814 3485 Bonam
830 3420 958 3506 pistoris
973 3470 981 3486 .
998 3418 1151 3486 Hueonn
1166 3420 1267 3487 mann
1282 3420 1458 3488 Generum
1478 3442 1631 3488 noniano
1654 3473 1661 3487 .
1684 3421 1815 3489 Enaroo

348 3580 504 3623 nunnonn
525 3609 532 3623 .
552 3557 776 3624 Srrnarranno
792 3559 831 3624 de
846 3556 1063 3623 mauranus
1079 3608 1088 3624 .
1104 3556 1127 3624 J
1128 3578 1270 3623 ormena
1285 3558 1353 3625 filio
1367 3557 1514 3626 Osananr
1530 3560 1571 3626 de
1584 3558 1733 3628 Kannrr.

393 3719 751 3787 Endorsed-‘Oarta.
780 3717 820 3785 G.
847 3719 988 3786 Brudini
1009 3724 1044 3787 et
1063 3720 1206 3808 Agnetis
1229 3720 1340 3788 uxoris
1361 3742 1426 3787 sua
1463 3719 1516 3788 De
1538 3725 1623 3788 tana
1639 3742 1698 3788 sua
1718 3742 1815 3808 quam

348 3856 442 3925 nobis
455 3858 546 3924 dedit
559 3856 655 3944 juxta
669 3855 809 3924 Bosoum
824 3854 969 3923 Seurri!

393 4020 477 4087 Fine
503 4020 616 4109 bright
644 4021 702 4087 red
725 4041 834 4105 mossy
859 4019 934 4100 seal,
959 4019 1093 4105 pointed
1117 4020 1209 4100 oval;
1235 4042 1256 4086 a
1280 4017 1473 4088 Welshman
1491 4018 1628 4106 holding
1653 4041 1673 4085 a
1697 4020 1812 4087 flower.

352 4155 1087 4249 [4]erumnam.ernan[a]nnr1.aoan1rs1.
1122 4155 1237 4224 Pointa
1250 4156 1397 4245 chippad
1434 4156 1549 4224 About
1562 4157 1650 4243 Qua
1665 4156 1712 4243 by
1727 4156 1813 4243 ltin.

348 4298 400 4365 Of.
416 4298 473 4365 the
487 4296 634 4384 drawing
649 4294 684 4363 of
705 4318 725 4361 a
743 4294 948 4381 ‘Penteyla’
965 4316 1001 4361 or
1023 4293 1202 4381 ‘profeotus
1223 4292 1380 4377 amnia?
1401 4292 1439 4361 in
1457 4293 1514 4360 the
1531 4292 1677 4362 Commu.
1692 4293 1816 4361 edition

222 4474 224 4478 v
347 4435 384 4503 of
404 4436 500 4518 Lagea
522 4430 650 4515 Vallia,
664 4454 719 4520 pp.
737 4432 811 4513 774,
828 4432 904 4514 778,
926 4433 992 4499 and
1005 4430 1081 4501 Vol.
1097 4429 1160 4515 Π.,
1174 4454 1207 4520 p.
1224 4433 1298 4499 755.

951 4592 1029 4655 (van
1049 4590 1208 4655 noxum)
