4125 5359
1644 622 1688 688 37

257 934 343 1003 inter
370 956 404 1001 se
432 936 588 999 tenerent.
633 930 736 999 Foeta
764 930 937 1018 iuratione,
967 935 1041 1018 post
1068 930 1276 999 intervallum
1304 930 1421 998 oooidit
1449 930 1524 999 Rex
1547 931 1731 1002 Moonrone

257 1072 341 1153 dolo,
363 1070 528 1138 Ornnnru
549 1075 583 1137 et
601 1072 711 1157 postea
730 1067 896 1155 episeopus
921 1066 1102 1135 Ounounns
1120 1068 1307 1135 oourooavit
1325 1090 1436 1136 omnes
1455 1069 1577 1137 olerieis
1595 1094 1670 1139 suos
1687 1070 1731 1141 ab

256 1207 362 1277 hostio
391 1205 555 1274 Tenum
582 1228 630 1293 yn
660 1204 738 1273 Gur
763 1226 865 1292 usque
891 1205 934 1271 sd
959 1202 1050 1271 Tros
1076 1226 1151 1272 oum
1175 1204 1280 1272 tribua
1303 1203 1476 1274 abbatibus
1499 1207 1565 1275 suis
1591 1208 1729 1277 Conone

257 1344 373 1415 abbate
399 1344 564 1413 ornum
589 1343 683 1411 vallis
708 1340 849 1409 Cursus
875 1340 991 1409 abbate
1016 1340 1141 1409 Ionum
1164 1340 1306 1410 Suuosu
1330 1342 1447 1411 abbate
1472 1342 1671 1412 Doosnmm
1697 1351 1731 1414 ot

257 1483 354 1571 plena
383 1482 506 1569 synodo
535 1480 824 1549 exeommunioavit
851 1500 962 1567 regem
992 1478 1186 1546 Mourronu
1213 1484 1345 1569 propter
1372 1480 1581 1549 homicidium
1618 1482 1660 1549 ab
1692 1506 1732 1551 eo

257 1622 479 1708 perpetratum
508 1622 541 1685 et
568 1622 699 1705 propter
727 1621 857 1705 paetum
888 1615 1013 1685 fautum
1040 1617 1202 1704 presentia
1230 1617 1281 1684 aui
1309 1622 1344 1685 et
1371 1639 1466 1704 super
1494 1618 1596 1685 altare
1621 1617 1731 1685 Pnrnr

258 1754 395 1843 apostoli
423 1758 456 1821 et
484 1758 666 1821 sauctorum
694 1753 859 1821 Dosaron
889 1756 923 1821 et
951 1750 1102 1820 Turum
1138 1757 1373 1843 trunsgressum
1402 1760 1435 1822 et
1462 1756 1510 1822 ite
1544 1756 1731 1824 inelinando

259 1911 367 1960 oruoes
377 1892 420 1959 ed
430 1895 559 1972 terrem,
572 1887 668 1959 simul
683 1896 716 1959 et
729 1891 869 1979 patriam
879 1890 1003 1959 dimisit
1017 1890 1086 1958 sine
1099 1888 1260 1977 baptismo
1270 1896 1304 1958 et
1314 1892 1538 1960 eommunione
1549 1892 1734 1960 Christiana

258 2028 429 2097 maledixit
453 2050 564 2117 regem
588 2050 663 2095 oum
687 2026 1077 2119 progeniefloonttrmante
1097 2028 1221 2114 synodo
1243 2032 1277 2095 et
1296 2028 1422 2095 dioente
1445 2028 1547 2095 ‘flant
1568 2030 1637 2095 dies
1661 2030 1734 2118 ejus

259 2166 355 2255 pauoi
369 2166 498 2234 ettiant
511 2166 571 2232 filii
586 2164 658 2253 ejus
672 2164 808 2254 orphani
825 2169 859 2233 et
878 2188 960 2232 uxor
978 2165 1052 2254 ejus
1069 2162 1189 2231 vidua?
1234 2163 1282 2233 Et
1298 2164 1453 2232 remansit
1474 2164 1548 2233 Rex
1570 2189 1643 2233 eum
1665 2172 1735 2235 tota

260 2304 391 2391 regione
406 2326 464 2371 sus
478 2304 581 2391 spatio
595 2304 734 2371 duomm
748 2325 907 2371 annorum
925 2306 958 2371 et
975 2325 1013 2369 eo
1030 2302 1170 2389 amplius
1186 2300 1248 2369 sub
1262 2302 1377 2369 eudem
1395 2285 1732 2371 exeommunicatione.

260 2429 339 2509 Post
355 2441 417 2509 boa
435 2439 509 2508 Rex
528 2463 594 2507 non
608 2440 717 2527 potuit
730 2444 799 2507 tam
813 2434 872 2508 diu
885 2438 1058 2542 durantem
1075 2439 1440 2508 exeommunioationem
1455 2444 1581 2507 tentam
1596 2441 1736 2527 amplius

261 2578 417 2645 sustinere
436 2574 550 2644 videns
567 2574 782 2663 perditionem
800 2578 918 2644 animae
942 2600 1008 2645 suae
1030 2581 1065 2644 st
1086 2576 1349 2664 dampnationem
1366 2578 1460 2667 regni
1481 2578 1609 2645 veniam
1628 2578 1736 2665 requi·

260 2713 337 2782 sivit
364 2714 453 2802 opud
481 2718 628 2782 sanetum
657 2713 848 2783 Ounocnnu
876 2714 1073 2783 monum
1101 2720 1136 2783 et
1163 2715 1275 2782 effusis
1308 2715 1449 2782 lacrimis
1477 2738 1552 2782 eum
1580 2714 1736 2783 inclinato

260 2850 364 2939 eapite
384 2854 418 2918 et
437 2874 543 2919 eoram
563 2850 667 2919 tribus
686 2850 856 2920 abbatibus
877 2851 1058 2920 Ounocnns
1078 2851 1246 2939 episeopus
1266 2852 1420 2939 imposuit
1440 2852 1471 2919 ei
1492 2852 1611 2940 jugum
1630 2852 1737 2939 poeni-

260 2987 372 3057 tentiee
402 2988 445 3055 ad
473 2988 607 3059 modum
636 2988 802 3077 qumlitatis
831 2992 864 3057 et
893 2988 1095 3077 quantitatis,
1122 2990 1349 3057 sommendans
1378 2989 1408 3056 ei
1436 2994 1476 3057 ut
1503 2990 1608 3057 tribus
1632 2989 1739 3057 modis

252 3126 456 3207 emendaret,
477 3126 565 3211 apud
584 3125 694 3194 Deum
714 3129 748 3194 et
770 3126 934 3195 eoalesiam
956 3124 1153 3193 Lunnuvuu
1173 3124 1322 3192 videlieet
1341 3124 1465 3213 jejunis
1485 3130 1519 3191 et
1538 3127 1681 3192 oratione
1703 3130 1737 3193 et

259 3260 450 3329 elemosinis
496 3260 570 3329 Rex
593 3258 773 3330 Monarcns
796 3266 925 3349 sooepto
949 3262 1033 3350 jugo
1055 3262 1257 3351 poenitentiae
1281 3262 1372 3329 dedit
1396 3267 1535 3350 quatuor
1559 3262 1653 3329 villas
1677 3286 1737 3349 pro

259 3398 480 3488 redemptione
500 3400 617 3467 animae
638 3423 704 3468 suae
724 3406 758 3468 et
777 3424 836 3489 pro
855 3400 965 3468 anima
984 3400 1150 3469 Cinnano
1172 3400 1310 3467 eoelesiae
1330 3400 1525 3467 erosvm
1539 3406 1573 3467 et
1586 3401 1621 3466 in
1636 3423 1738 3467 manu

260 3534 414 3605 Ounocnr
440 3536 578 3625 episeopi
604 3541 637 3605 et
662 3536 811 3605 omnibus
837 3538 903 3605 suis
927 3512 1158 3605 suooessoribus
1183 3560 1258 3603 oum
1286 3541 1356 3604 tois
1380 3560 1439 3604 sua
1464 3535 1612 3605 libertate
1635 3542 1669 3605 et
1694 3536 1737 3605 ab

259 3672 351 3740 omni
376 3672 504 3740 servitio
528 3671 645 3741 liberas
670 3674 871 3761 imperpetuo
892 3679 926 3743 et
951 3698 1025 3743 eum
1051 3678 1121 3742 tota
1145 3674 1370 3742 eommunione
1395 3697 1454 3761 per
1478 3676 1617 3761 patriam
1642 3699 1734 3742 arram

260 3810 468 3877 manentibus
491 3810 527 3877 in
552 3810 604 3878 his
627 3810 720 3879 terris
739 3812 775 3879 in
795 3836 908 3900 oempo
929 3817 963 3880 et
984 3813 1020 3879 in
1042 3811 1180 3880 silrain
1199 3812 1325 3899 pusouia
1344 3817 1377 3879 et
1396 3812 1431 3877 in
1452 3834 1545 3898 aque.
1590 3809 1630 3878 Iu
1647 3810 1736 3877 Rrr·

260 3968 454 4029 emmeno,
478 3956 525 4014 11*
542 3944 750 4029 limares,
774 3958 836 4015 111*
853 3954 902 4017 est
915 3950 951 4018 in
966 3972 1030 4037 qua
1045 3949 1165 4017 ooeisus
1186 3954 1235 4018 ost
1256 3949 1422 4015 Cruonrn
1440 3948 1527 4014 ultra
1544 3946 1732 4029 Nsnsrsr,

262 4096 340 4151 1111·
367 4090 458 4151 trans
482 4056 658 4152 Nunsnnn
683 4084 740 4153 ubi
765 4086 852 4154 fliius
876 4088 984 4176 regius
1009 4086 1176 4155 meuhatns
1200 4090 1249 4153 est
1286 4084 1320 4153 A
1343 4085 1461 4172 pulude
1481 4082 1612 4149 Eanum
1632 4106 1734 4171 usque

259 4215 447 4304 Nineven,
465 4222 501 4289 id
521 4228 569 4290 est
589 4222 667 4290 villo
688 4220 882 4291 Gunnnurn
904 4226 945 4293 de
967 4226 1033 4293 illis
1053 4230 1191 4312 quatuor
1209 4246 1325 4291 xxnrr.
1348 4222 1635 4291 modii'terrumm.
1681 4222 1735 4289 De

261 4360 383 4429 eleriois
406 4364 502 4431 testes
525 4364 602 4427 nmt
625 4360 804 4428 Ounocnns
827 4362 992 4449 episeopus
1015 4360 1153 4431 Oouonr
1177 4360 1276 4430 abbas
1299 4362 1456 4431 Cunnum
1479 4359 1573 4427 vallia
1593 4360 1734 4428 Gerous

261 4498 361 4567 abbas
397 4496 520 4565 Inuum
565 4496 704 4565 senous
738 4498 837 4567 obbas
872 4496 1049 4567 Decorum
1094 4498 1260 4568 Coranum
1304 4498 1412 4568 Snnoc
1456 4497 1578 4566 Crura
1621 4494 1733 4565 Onrcn

262 4635 483 4703 Lreonsssnc
527 4632 733 4702 Gonousnn.
779 4634 831 4703 De
844 4635 933 4704 laiois
947 4636 1089 4705 Monam
1102 4637 1177 4705 Rex
1190 4662 1265 4705 oum
1278 4639 1347 4705 tilio
1366 4660 1424 4705 suo
1440 4633 1549 4703 Frroc
1566 4640 1600 4703 et
1617 4638 1735 4718 nepote

262 4772 431 4841 Morem
445 4772 512 4840 filio
527 4773 687 4841 Arnnurs
724 4772 883 4842 Ornnnus
919 4769 1097 4841 Bnmnum
1134 4772 1270 4842 Guunrc
1300 4774 1471 4841 Guunonn
1500 4770 1734 4839 Guuuosuru.
