<?xml version="1.0" encoding="UTF-8"?>
<!DOCTYPE html PUBLIC "-//W3C//DTD XHTML 1.0 Transitional//EN"
    "http://www.w3.org/TR/xhtml1/DTD/xhtml1-transitional.dtd">
<html xmlns="http://www.w3.org/1999/xhtml" xml:lang="en" lang="en">
 <head>
  <title>
</title>
<meta http-equiv="Content-Type" content="text/html;charset=utf-8" />
  <meta name='ocr-system' content='tesseract 3.04.00' />
  <meta name='ocr-capabilities' content='ocr_page ocr_carea ocr_par ocr_line ocrx_word'/>
</head>
<body>
  <div class='ocr_page' id='page_1' title='image "./cartetaliamunim02abbegoog_0164.png"; bbox 0 0 4125 5359; ppageno 0'>
   <div class='ocr_carea' id='block_1_1' title="bbox 446 528 509 599">
    <p class='ocr_par' dir='ltr' id='par_1_1' title="bbox 446 528 509 599">
     <span class='ocr_line' id='line_1_1' title="bbox 446 528 509 599; baseline -0.095 0"><span class='ocrx_word' id='word_1_1' title='bbox 446 528 509 599; x_wconf 79' lang='lat'><strong>122</strong></span> 
     </span>
    </p>
   </div>
   <div class='ocr_carea' id='block_1_2' title="bbox 401 837 1876 1890">
    <p class='ocr_par' dir='ltr' id='par_1_2' title="bbox 401 837 1876 1890">
     <span class='ocr_line' id='line_1_2' title="bbox 401 837 1871 927; baseline -0.003 -16"><span class='ocrx_word' id='word_1_2' title='bbox 401 842 531 911; x_wconf 85' lang='lat' dir='ltr'><strong>rinoulo</strong></span> <span class='ocrx_word' id='word_1_3' title='bbox 546 840 760 911; x_wconf 84' lang='lat' dir='ltr'><strong>nnethemiitis</strong></span> <span class='ocrx_word' id='word_1_4' title='bbox 774 844 892 911; x_wconf 86' lang='lat' dir='ltr'><strong>nudent</strong></span> <span class='ocrx_word' id='word_1_5' title='bbox 906 842 1072 911; x_wconf 72' lang='lat' dir='ltr'><strong>innodare.</strong></span> <span class='ocrx_word' id='word_1_6' title='bbox 1117 840 1215 915; x_wconf 79' lang='lat' dir='ltr'><strong>Quod</strong></span> <span class='ocrx_word' id='word_1_7' title='bbox 1228 840 1257 907; x_wconf 89' lang='lat' dir='ltr'><strong>si</strong></span> <span class='ocrx_word' id='word_1_8' title='bbox 1270 840 1343 927; x_wconf 90' lang='lat' dir='ltr'><strong>quis</strong></span> <span class='ocrx_word' id='word_1_9' title='bbox 1359 838 1396 907; x_wconf 90' lang='lat' dir='ltr'><strong>in</strong></span> <span class='ocrx_word' id='word_1_10' title='bbox 1416 838 1559 927; x_wconf 70' lang='lat' dir='ltr'><strong>aliquem</strong></span> <span class='ocrx_word' id='word_1_11' title='bbox 1571 840 1613 907; x_wconf 93' lang='lat' dir='ltr'><strong>de</strong></span> <span class='ocrx_word' id='word_1_12' title='bbox 1625 837 1752 905; x_wconf 76' lang='lat' dir='ltr'><strong>familis</strong></span> <span class='ocrx_word' id='word_1_13' title='bbox 1765 843 1871 907; x_wconf 82' lang='lat' dir='ltr'><strong>vestie</strong></span> 
     </span>
     <span class='ocr_line' id='line_1_3' title="bbox 403 976 1871 1073; baseline -0.004 -24"><span class='ocrx_word' id='word_1_14' title='bbox 403 982 504 1049; x_wconf 87' lang='lat' dir='ltr'><strong>donee</strong></span> <span class='ocrx_word' id='word_1_15' title='bbox 517 978 554 1047; x_wconf 91' lang='lat' dir='ltr'><strong>in</strong></span> <span class='ocrx_word' id='word_1_16' title='bbox 568 978 730 1073; x_wconf 74' lang='lat' dir='ltr'><strong>fumiilutii</strong></span> <span class='ocrx_word' id='word_1_17' title='bbox 744 982 849 1049; x_wconf 82' lang='lat' dir='ltr'><strong>restro</strong></span> <span class='ocrx_word' id='word_1_18' title='bbox 862 978 1075 1069; x_wconf 66' lang='lat' dir='ltr'><strong>permanserit</strong></span> <span class='ocrx_word' id='word_1_19' title='bbox 1089 1028 1097 1045; x_wconf 92' lang='lat'><strong>.</strong></span> <span class='ocrx_word' id='word_1_20' title='bbox 1111 981 1243 1065; x_wconf 87' lang='lat' dir='ltr'><strong>propter</strong></span> <span class='ocrx_word' id='word_1_21' title='bbox 1255 976 1474 1045; x_wconf 72' lang='lat' dir='ltr'><strong>detentionem</strong></span> <span class='ocrx_word' id='word_1_22' title='bbox 1486 976 1703 1045; x_wconf 73' lang='lat' dir='ltr'><strong>deeimarum.</strong></span> <span class='ocrx_word' id='word_1_23' title='bbox 1714 976 1768 1043; x_wconf 84' lang='lat' dir='ltr'><strong>rel</strong></span> <span class='ocrx_word' id='word_1_24' title='bbox 1780 976 1871 1044; x_wconf 85' lang='lat' dir='ltr'><strong>eliud</strong></span> 
     </span>
     <span class='ocr_line' id='line_1_4' title="bbox 403 1112 1871 1205; baseline -0.003 -20"><span class='ocrx_word' id='word_1_25' title='bbox 403 1116 484 1205; x_wconf 86' lang='lat' dir='ltr'><strong>quid</strong></span> <span class='ocrx_word' id='word_1_26' title='bbox 497 1138 518 1184; x_wconf 85' lang='lat' dir='ltr'><strong>e</strong></span> <span class='ocrx_word' id='word_1_27' title='bbox 532 1117 605 1185; x_wconf 89' lang='lat' dir='ltr'><strong>sede</strong></span> <span class='ocrx_word' id='word_1_28' title='bbox 619 1116 793 1204; x_wconf 80' lang='lat' dir='ltr'><strong>spostolioe</strong></span> <span class='ocrx_word' id='word_1_29' title='bbox 806 1116 913 1186; x_wconf 92' lang='lat' dir='ltr'><strong>ordini</strong></span> <span class='ocrx_word' id='word_1_30' title='bbox 926 1120 1032 1185; x_wconf 80' lang='lat' dir='ltr'><strong>restro</strong></span> <span class='ocrx_word' id='word_1_31' title='bbox 1046 1137 1229 1184; x_wconf 86' lang='lat' dir='ltr'><strong>oonoeesum</strong></span> <span class='ocrx_word' id='word_1_32' title='bbox 1247 1164 1256 1181; x_wconf 88' lang='lat'><strong>.</strong></span> <span class='ocrx_word' id='word_1_33' title='bbox 1278 1112 1615 1183; x_wconf 83' lang='lat' dir='ltr'><strong>exeommunioutionis</strong></span> <span class='ocrx_word' id='word_1_34' title='bbox 1635 1114 1688 1181; x_wconf 79' lang='lat' dir='ltr'><strong>vel</strong></span> <span class='ocrx_word' id='word_1_35' title='bbox 1708 1112 1871 1181; x_wconf 69' lang='lat' dir='ltr'><strong>interdiciti</strong></span> 
     </span>
     <span class='ocr_line' id='line_1_5' title="bbox 403 1218 1872 1341; baseline -0.002 -20"><span class='ocrx_word' id='word_1_36' title='bbox 403 1253 597 1321; x_wconf 85' lang='lat' dir='ltr'><strong>sententium</strong></span> <span class='ocrx_word' id='word_1_37' title='bbox 608 1252 881 1341; x_wconf 72' lang='lat' dir='ltr'><strong>promulgaverit.</strong></span> <span class='ocrx_word' id='word_1_38' title='bbox 892 1253 989 1323; x_wconf 79' lang='lat' dir='ltr'><strong>lineet</strong></span> <span class='ocrx_word' id='word_1_39' title='bbox 1002 1252 1093 1321; x_wconf 83' lang='lat' dir='ltr'><strong>vobis</strong></span> <span class='ocrx_word' id='word_1_40' title='bbox 1106 1274 1182 1320; x_wconf 90' lang='lat' dir='ltr'><strong>enm</strong></span> <span class='ocrx_word' id='word_1_41' title='bbox 1195 1256 1287 1319; x_wconf 89' lang='lat' dir='ltr'><strong>inetn</strong></span> <span class='ocrx_word' id='word_1_42' title='bbox 1298 1218 1412 1319; x_wconf 68' lang='lat' dir='ltr'><strong>mortis</strong></span> <span class='ocrx_word' id='word_1_43' title='bbox 1424 1250 1586 1321; x_wconf 72' lang='lat' dir='ltr'><strong>absolvere</strong></span> <span class='ocrx_word' id='word_1_44' title='bbox 1598 1302 1606 1317; x_wconf 91' lang='lat'><strong>.</strong></span> <span class='ocrx_word' id='word_1_45' title='bbox 1617 1256 1651 1319; x_wconf 90' lang='lat' dir='ltr'><strong>et</strong></span> <span class='ocrx_word' id='word_1_46' title='bbox 1662 1250 1872 1319; x_wconf 81' lang='lat' dir='ltr'><strong>eodeninstioe</strong></span> 
     </span>
     <span class='ocr_line' id='line_1_6' title="bbox 405 1388 1873 1478; baseline -0.003 -19"><span class='ocrx_word' id='word_1_47' title='bbox 405 1396 603 1459; x_wconf 81' lang='lat' dir='ltr'><strong>seoinmentu</strong></span> <span class='ocrx_word' id='word_1_48' title='bbox 617 1389 770 1459; x_wconf 76' lang='lat' dir='ltr'><strong>oonierre.</strong></span> <span class='ocrx_word' id='word_1_49' title='bbox 816 1390 916 1459; x_wconf 85' lang='lat' dir='ltr'><strong>Porio</strong></span> <span class='ocrx_word' id='word_1_50' title='bbox 931 1390 958 1457; x_wconf 93' lang='lat' dir='ltr'><strong>si</strong></span> <span class='ocrx_word' id='word_1_51' title='bbox 973 1389 1030 1478; x_wconf 88' lang='lat' dir='ltr'><strong>qui</strong></span> <span class='ocrx_word' id='word_1_52' title='bbox 1043 1388 1184 1477; x_wconf 88' lang='lat' dir='ltr'><strong>episoopi</strong></span> <span class='ocrx_word' id='word_1_53' title='bbox 1201 1388 1238 1455; x_wconf 91' lang='lat' dir='ltr'><strong>in</strong></span> <span class='ocrx_word' id='word_1_54' title='bbox 1258 1410 1409 1475; x_wconf 80' lang='lat' dir='ltr'><strong>personne</strong></span> <span class='ocrx_word' id='word_1_55' title='bbox 1430 1393 1550 1457; x_wconf 81' lang='lat' dir='ltr'><strong>vestros</strong></span> <span class='ocrx_word' id='word_1_56' title='bbox 1570 1388 1623 1457; x_wconf 85' lang='lat' dir='ltr'><strong>vel</strong></span> <span class='ocrx_word' id='word_1_57' title='bbox 1642 1388 1873 1457; x_wconf 74' lang='lat' dir='ltr'><strong>monesterium</strong></span> 
     </span>
     <span class='ocr_line' id='line_1_7' title="bbox 404 1525 1874 1617; baseline -0.001 -22"><span class='ocrx_word' id='word_1_58' title='bbox 404 1527 512 1617; x_wconf 83' lang='lat' dir='ltr'><strong>ipsum</strong></span> <span class='ocrx_word' id='word_1_59' title='bbox 526 1529 719 1597; x_wconf 75' lang='lat' dir='ltr'><strong>sententiam</strong></span> <span class='ocrx_word' id='word_1_60' title='bbox 732 1527 877 1617; x_wconf 86' lang='lat' dir='ltr'><strong>eliqunm</strong></span> <span class='ocrx_word' id='word_1_61' title='bbox 891 1531 1003 1597; x_wconf 78' lang='lat' dir='ltr'><strong>eontra</strong></span> <span class='ocrx_word' id='word_1_62' title='bbox 1016 1525 1203 1595; x_wconf 84' lang='lat' dir='ltr'><strong>libertetem·</strong></span> <span class='ocrx_word' id='word_1_63' title='bbox 1213 1525 1320 1593; x_wconf 89' lang='lat' dir='ltr'><strong>ordini</strong></span> <span class='ocrx_word' id='word_1_64' title='bbox 1332 1548 1353 1592; x_wconf 87' lang='lat' dir='ltr'><strong>o</strong></span> <span class='ocrx_word' id='word_1_65' title='bbox 1373 1526 1644 1614; x_wconf 86' lang='lat' dir='ltr'><strong>predeoeseoiibus</strong></span> <span class='ocrx_word' id='word_1_66' title='bbox 1656 1526 1774 1594; x_wconf 81' lang='lat' dir='ltr'><strong>nostris</strong></span> <span class='ocrx_word' id='word_1_67' title='bbox 1786 1526 1839 1593; x_wconf 82' lang='lat' dir='ltr'><strong>rel</strong></span> <span class='ocrx_word' id='word_1_68' title='bbox 1851 1547 1874 1593; x_wconf 83' lang='lat' dir='ltr'><strong>u</strong></span> 
     </span>
     <span class='ocr_line' id='line_1_8' title="bbox 404 1662 1874 1755; baseline -0.002 -21"><span class='ocrx_word' id='word_1_69' title='bbox 404 1664 498 1734; x_wconf 92' lang='lat' dir='ltr'><strong>nobis</strong></span> <span class='ocrx_word' id='word_1_70' title='bbox 511 1664 674 1733; x_wconf 82' lang='lat' dir='ltr'><strong>indultum</strong></span> <span class='ocrx_word' id='word_1_71' title='bbox 695 1665 972 1755; x_wconf 66' lang='lat' dir='ltr'><strong>promulgaverint</strong></span> <span class='ocrx_word' id='word_1_72' title='bbox 987 1716 995 1731; x_wconf 90' lang='lat'><strong>.</strong></span> <span class='ocrx_word' id='word_1_73' title='bbox 1011 1665 1148 1733; x_wconf 86' lang='lat' dir='ltr'><strong>eundem</strong></span> <span class='ocrx_word' id='word_1_74' title='bbox 1169 1662 1364 1733; x_wconf 80' lang='lat' dir='ltr'><strong>sententium</strong></span> <span class='ocrx_word' id='word_1_75' title='bbox 1383 1668 1552 1752; x_wconf 79' lang='lat' dir='ltr'><strong>temquem</strong></span> <span class='ocrx_word' id='word_1_76' title='bbox 1571 1666 1683 1731; x_wconf 77' lang='lat' dir='ltr'><strong>oontru</strong></span> <span class='ocrx_word' id='word_1_77' title='bbox 1703 1664 1874 1751; x_wconf 78' lang='lat' dir='ltr'><strong>apostolius</strong></span> 
     </span>
     <span class='ocr_line' id='line_1_9' title="bbox 406 1800 1876 1890; baseline -0.002 -18"><span class='ocrx_word' id='word_1_78' title='bbox 406 1802 491 1872; x_wconf 88' lang='lat' dir='ltr'><strong>sedis</strong></span> <span class='ocrx_word' id='word_1_79' title='bbox 511 1801 640 1870; x_wconf 85' lang='lat' dir='ltr'><strong>indulte</strong></span> <span class='ocrx_word' id='word_1_80' title='bbox 660 1801 820 1890; x_wconf 77' lang='lat' dir='ltr'><strong>prolatum</strong></span> <span class='ocrx_word' id='word_1_81' title='bbox 843 1852 851 1869; x_wconf 92' lang='lat'><strong>.</strong></span> <span class='ocrx_word' id='word_1_82' title='bbox 878 1800 1079 1871; x_wconf 87' lang='lat' dir='ltr'><strong>deoernimus</strong></span> <span class='ocrx_word' id='word_1_83' title='bbox 1097 1800 1289 1870; x_wconf 74' lang='lat' dir='ltr'><strong>irritandum</strong></span> <span class='ocrx_word' id='word_1_84' title='bbox 1315 1851 1323 1868; x_wconf 93' lang='lat'><strong>.</strong></span> <span class='ocrx_word' id='word_1_85' title='bbox 1349 1800 1532 1871; x_wconf 67' lang='lat' dir='ltr'><strong>libertates</strong></span> <span class='ocrx_word' id='word_1_86' title='bbox 1555 1823 1684 1889; x_wconf 85' lang='lat' dir='ltr'><strong>quoqne</strong></span> <span class='ocrx_word' id='word_1_87' title='bbox 1706 1807 1742 1870; x_wconf 87' lang='lat' dir='ltr'><strong>et</strong></span> <span class='ocrx_word' id='word_1_88' title='bbox 1764 1823 1876 1869; x_wconf 89' lang='lat' dir='ltr'><strong>omnes</strong></span> 
     </span>
    </p>
   </div>
   <div class='ocr_carea' id='block_1_3' title="bbox 404 1937 1874 2027">
    <p class='ocr_par' dir='ltr' id='par_1_3' title="bbox 404 1937 1874 2059">
     <span class='ocr_line' id='line_1_10' title="bbox 404 1937 1874 2027; baseline -0.001 -19"><span class='ocrx_word' id='word_1_89' title='bbox 404 1940 626 2009; x_wconf 85' lang='lat' dir='ltr'><strong>immunitetes</strong></span> <span class='ocrx_word' id='word_1_90' title='bbox 640 1962 660 2005; x_wconf 83' lang='lat' dir='ltr'>a</span> <span class='ocrx_word' id='word_1_91' title='bbox 674 1937 945 2027; x_wconf 85' lang='lat' dir='ltr'><strong>predeoeesoribns</strong></span> <span class='ocrx_word' id='word_1_92' title='bbox 958 1938 1077 2008; x_wconf 84' lang='lat' dir='ltr'><strong>nostn&#39;s</strong></span> <span class='ocrx_word' id='word_1_93' title='bbox 1088 1938 1257 2006; x_wconf 86' lang='lat' dir='ltr'><strong>indultos.</strong></span> <span class='ocrx_word' id='word_1_94' title='bbox 1275 1941 1310 2007; x_wconf 89' lang='lat' dir='ltr'><strong>et</strong></span> <span class='ocrx_word' id='word_1_95' title='bbox 1330 1940 1549 2027; x_wconf 86' lang='lat' dir='ltr'><strong>exemptiones</strong></span> <span class='ocrx_word' id='word_1_96' title='bbox 1569 1939 1761 2007; x_wconf 70' lang='lat' dir='ltr'><strong>weulnrmm</strong></span> <span class='ocrx_word' id='word_1_97' title='bbox 1780 1960 1874 2007; x_wconf 83' lang='lat' dir='ltr'><strong>exiie-</strong></span> 
     </span>
    </p>
   </div>
   <div class='ocr_carea' id='block_1_4' title="bbox 317 2074 1885 4364">
    <p class='ocr_par' dir='ltr' id='par_1_4' title="bbox 317 2074 1885 4364">
     <span class='ocr_line' id='line_1_11' title="bbox 404 2074 1872 2178; baseline -0.004 -31"><span class='ocrx_word' id='word_1_98' title='bbox 404 2076 532 2147; x_wconf 90' lang='lat' dir='ltr'><strong>tionum</strong></span> <span class='ocrx_word' id='word_1_99' title='bbox 546 2099 566 2145; x_wconf 86' lang='lat' dir='ltr'><strong>o</strong></span> <span class='ocrx_word' id='word_1_100' title='bbox 579 2074 711 2164; x_wconf 86' lang='lat' dir='ltr'><strong>regibus</strong></span> <span class='ocrx_word' id='word_1_101' title='bbox 724 2079 759 2145; x_wconf 90' lang='lat' dir='ltr'><strong>et</strong></span> <span class='ocrx_word' id='word_1_102' title='bbox 776 2074 975 2164; x_wconf 89' lang='lat' dir='ltr'><strong>prinoipibus</strong></span> <span class='ocrx_word' id='word_1_103' title='bbox 997 2126 1005 2141; x_wconf 92' lang='lat'><em>.</em></span> <span class='ocrx_word' id='word_1_104' title='bbox 1028 2078 1063 2143; x_wconf 90' lang='lat' dir='ltr'><strong>et</strong></span> <span class='ocrx_word' id='word_1_105' title='bbox 1075 2075 1149 2178; x_wconf 78' lang='lat' dir='ltr'><strong>eiiii</strong></span> <span class='ocrx_word' id='word_1_106' title='bbox 1161 2074 1312 2145; x_wconf 84' lang='lat' dir='ltr'><strong>fidelibus</strong></span> <span class='ocrx_word' id='word_1_107' title='bbox 1324 2076 1380 2165; x_wconf 85' lang='lat' dir='ltr'><strong>pie</strong></span> <span class='ocrx_word' id='word_1_108' title='bbox 1393 2076 1485 2145; x_wconf 83' lang='lat' dir='ltr'><strong>vobis</strong></span> <span class='ocrx_word' id='word_1_109' title='bbox 1501 2076 1670 2145; x_wconf 84' lang='lat' dir='ltr'><strong>devotione</strong></span> <span class='ocrx_word' id='word_1_110' title='bbox 1689 2096 1872 2143; x_wconf 71' lang='lat' dir='ltr'><strong>oonoemie.</strong></span> 
     </span>
     <span class='ocr_line' id='line_1_12' title="bbox 405 2186 1872 2303; baseline -0.002 -20"><span class='ocrx_word' id='word_1_111' title='bbox 405 2214 595 2283; x_wconf 73' lang='lat' dir='ltr'><strong>auotoritete</strong></span> <span class='ocrx_word' id='word_1_112' title='bbox 609 2212 783 2301; x_wconf 77' lang='lat' dir='ltr'><strong>apostolius</strong></span> <span class='ocrx_word' id='word_1_113' title='bbox 799 2212 1025 2283; x_wconf 85' lang='lat' dir='ltr'><strong>oonflrmnmus</strong></span> <span class='ocrx_word' id='word_1_114' title='bbox 1047 2264 1056 2280; x_wconf 92' lang='lat'><strong>.</strong></span> <span class='ocrx_word' id='word_1_115' title='bbox 1078 2216 1113 2281; x_wconf 86' lang='lat' dir='ltr'><strong>et</strong></span> <span class='ocrx_word' id='word_1_116' title='bbox 1132 2212 1275 2283; x_wconf 85' lang='lat' dir='ltr'><strong>illibetes</strong></span> <span class='ocrx_word' id='word_1_117' title='bbox 1295 2214 1468 2283; x_wconf 77' lang='lat' dir='ltr'><strong>stetuims</strong></span> <span class='ocrx_word' id='word_1_118' title='bbox 1487 2186 1643 2303; x_wconf 80' lang='lat' dir='ltr'><strong>perpetuo</strong></span> <span class='ocrx_word' id='word_1_119' title='bbox 1662 2236 1872 2302; x_wconf 73' lang='lat' dir='ltr'><strong>permonere.</strong></span> 
     </span>
     <span class='ocr_line' id='line_1_13' title="bbox 405 2348 1872 2441; baseline -0.002 -20"><span class='ocrx_word' id='word_1_120' title='bbox 405 2350 677 2441; x_wconf 73' lang='lat' dir='ltr'><strong>quemadmodum</strong></span> <span class='ocrx_word' id='word_1_121' title='bbox 691 2348 828 2439; x_wconf 86' lang='lat' dir='ltr'><strong>predieti</strong></span> <span class='ocrx_word' id='word_1_122' title='bbox 840 2372 933 2439; x_wconf 77' lang='lat' dir='ltr'><strong>reges</strong></span> <span class='ocrx_word' id='word_1_123' title='bbox 946 2354 981 2428; x_wconf 83' lang='lat' dir='ltr'><strong>et</strong></span> <span class='ocrx_word' id='word_1_124' title='bbox 993 2350 1154 2439; x_wconf 87' lang='lat' dir='ltr'><strong>prinoipes</strong></span> <span class='ocrx_word' id='word_1_125' title='bbox 1176 2402 1184 2418; x_wconf 90' lang='lat'><em>.</em></span> <span class='ocrx_word' id='word_1_126' title='bbox 1207 2350 1299 2421; x_wconf 86' lang='lat' dir='ltr'><strong>vobis</strong></span> <span class='ocrx_word' id='word_1_127' title='bbox 1311 2352 1437 2439; x_wconf 88' lang='lat' dir='ltr'><strong>seriptis</strong></span> <span class='ocrx_word' id='word_1_128' title='bbox 1450 2352 1622 2421; x_wconf 64' lang='lat' dir='ltr'><strong>nnuntioie</strong></span> <span class='ocrx_word' id='word_1_129' title='bbox 1634 2353 1872 2421; x_wconf 84' lang='lat' dir='ltr'><strong>eonfirmnrunt</strong></span> 
     </span>
     <span class='ocr_line' id='line_1_14' title="bbox 405 2486 1875 2577; baseline -0.001 -19"><span class='ocrx_word' id='word_1_130' title='bbox 405 2488 617 2558; x_wconf 85' lang='lat' dir='ltr'><strong>Deoernimns</strong></span> <span class='ocrx_word' id='word_1_131' title='bbox 631 2509 709 2574; x_wconf 82' lang='lat' dir='ltr'><strong>ergo</strong></span> <span class='ocrx_word' id='word_1_132' title='bbox 725 2537 732 2554; x_wconf 92' lang='lat'>.</span> <span class='ocrx_word' id='word_1_133' title='bbox 749 2490 788 2554; x_wconf 86' lang='lat' dir='ltr'><strong>ut</strong></span> <span class='ocrx_word' id='word_1_134' title='bbox 800 2486 885 2555; x_wconf 85' lang='lat' dir='ltr'><strong>uuili</strong></span> <span class='ocrx_word' id='word_1_135' title='bbox 897 2488 1029 2555; x_wconf 88' lang='lat' dir='ltr'><strong>omnino</strong></span> <span class='ocrx_word' id='word_1_136' title='bbox 1042 2487 1213 2558; x_wconf 90' lang='lat' dir='ltr'><strong>hominum</strong></span> <span class='ocrx_word' id='word_1_137' title='bbox 1227 2489 1323 2557; x_wconf 89' lang='lat' dir='ltr'><strong>lioent</strong></span> <span class='ocrx_word' id='word_1_138' title='bbox 1335 2488 1500 2577; x_wconf 77' lang='lat' dir='ltr'><strong>preietnm</strong></span> <span class='ocrx_word' id='word_1_139' title='bbox 1513 2490 1744 2557; x_wconf 77' lang='lat' dir='ltr'><strong>mnustuium</strong></span> <span class='ocrx_word' id='word_1_140' title='bbox 1756 2493 1875 2557; x_wconf 84' lang='lat' dir='ltr'><strong>temere</strong></span> 
     </span>
     <span class='ocr_line' id='line_1_15' title="bbox 406 2624 1877 2717; baseline -0.001 -22"><span class='ocrx_word' id='word_1_141' title='bbox 406 2626 594 2717; x_wconf 86' lang='lat' dir='ltr'><strong>perturbere</strong></span> <span class='ocrx_word' id='word_1_142' title='bbox 610 2678 617 2692; x_wconf 91' lang='lat'><strong>.</strong></span> <span class='ocrx_word' id='word_1_143' title='bbox 635 2629 693 2695; x_wconf 84' lang='lat' dir='ltr'><strong>eut</strong></span> <span class='ocrx_word' id='word_1_144' title='bbox 707 2624 780 2714; x_wconf 80' lang='lat' dir='ltr'><strong>ejus</strong></span> <span class='ocrx_word' id='word_1_145' title='bbox 800 2624 1010 2713; x_wconf 84' lang='lat' dir='ltr'><strong>possessiones</strong></span> <span class='ocrx_word' id='word_1_146' title='bbox 1031 2626 1158 2694; x_wconf 84' lang='lat' dir='ltr'><strong>enferre</strong></span> <span class='ocrx_word' id='word_1_147' title='bbox 1181 2677 1189 2694; x_wconf 92' lang='lat'><strong>.</strong></span> <span class='ocrx_word' id='word_1_148' title='bbox 1211 2627 1265 2693; x_wconf 81' lang='lat' dir='ltr'><strong>vel</strong></span> <span class='ocrx_word' id='word_1_149' title='bbox 1285 2624 1410 2695; x_wconf 87' lang='lat' dir='ltr'><strong>eblntes</strong></span> <span class='ocrx_word' id='word_1_150' title='bbox 1429 2627 1568 2695; x_wconf 81' lang='lat' dir='ltr'><strong>retinere</strong></span> <span class='ocrx_word' id='word_1_151' title='bbox 1590 2677 1598 2693; x_wconf 92' lang='lat'><strong>.</strong></span> <span class='ocrx_word' id='word_1_152' title='bbox 1621 2627 1767 2694; x_wconf 81' lang='lat' dir='ltr'><strong>minuere</strong></span> <span class='ocrx_word' id='word_1_153' title='bbox 1790 2676 1798 2693; x_wconf 95' lang='lat'>.</span> <span class='ocrx_word' id='word_1_154' title='bbox 1820 2648 1877 2693; x_wconf 90' lang='lat' dir='ltr'><strong>sen</strong></span> 
     </span>
     <span class='ocr_line' id='line_1_16' title="bbox 406 2760 1875 2853; baseline -0.001 -22"><span class='ocrx_word' id='word_1_155' title='bbox 406 2762 603 2853; x_wconf 84' lang='lat' dir='ltr'><strong>quibuslibet</strong></span> <span class='ocrx_word' id='word_1_156' title='bbox 616 2760 839 2831; x_wconf 76' lang='lat' dir='ltr'><strong>vexationibus</strong></span> <span class='ocrx_word' id='word_1_157' title='bbox 858 2762 999 2851; x_wconf 77' lang='lat' dir='ltr'><strong>tetigere</strong></span> <span class='ocrx_word' id='word_1_158' title='bbox 1021 2814 1029 2830; x_wconf 91' lang='lat'><strong>.</strong></span> <span class='ocrx_word' id='word_1_159' title='bbox 1053 2765 1110 2833; x_wconf 88' lang='lat' dir='ltr'><strong>sed</strong></span> <span class='ocrx_word' id='word_1_160' title='bbox 1130 2764 1240 2833; x_wconf 87' lang='lat' dir='ltr'><strong>omnin</strong></span> <span class='ocrx_word' id='word_1_161' title='bbox 1260 2764 1387 2853; x_wconf 78' lang='lat' dir='ltr'><strong>integre</strong></span> <span class='ocrx_word' id='word_1_162' title='bbox 1407 2768 1635 2833; x_wconf 83' lang='lat' dir='ltr'><strong>oonserventur</strong></span> <span class='ocrx_word' id='word_1_163' title='bbox 1657 2814 1665 2829; x_wconf 91' lang='lat'><strong>.</strong></span> <span class='ocrx_word' id='word_1_164' title='bbox 1687 2786 1800 2831; x_wconf 90' lang='lat' dir='ltr'><strong>eorum</strong></span> <span class='ocrx_word' id='word_1_165' title='bbox 1819 2784 1875 2851; x_wconf 84' lang='lat' dir='ltr'><strong>pro</strong></span> 
     </span>
     <span class='ocr_line' id='line_1_17' title="bbox 407 2898 1874 2989; baseline -0.001 -20"><span class='ocrx_word' id='word_1_166' title='bbox 407 2924 546 2989; x_wconf 90' lang='lat' dir='ltr'><strong>quorum</strong></span> <span class='ocrx_word' id='word_1_167' title='bbox 560 2898 793 2989; x_wconf 76' lang='lat' dir='ltr'><strong>gubernatione</strong></span> <span class='ocrx_word' id='word_1_168' title='bbox 807 2922 844 2967; x_wconf 86' lang='lat' dir='ltr'><strong>no</strong></span> <span class='ocrx_word' id='word_1_169' title='bbox 858 2900 1091 2969; x_wconf 71' lang='lat' dir='ltr'><strong>sustentatione</strong></span> <span class='ocrx_word' id='word_1_170' title='bbox 1105 2923 1251 2969; x_wconf 82' lang='lat' dir='ltr'><strong>oonoeeeu</strong></span> <span class='ocrx_word' id='word_1_171' title='bbox 1264 2906 1341 2969; x_wconf 86' lang='lat' dir='ltr'><strong>sunt</strong></span> <span class='ocrx_word' id='word_1_172' title='bbox 1357 2900 1468 2969; x_wconf 85' lang='lat' dir='ltr'><strong>usibus</strong></span> <span class='ocrx_word' id='word_1_173' title='bbox 1484 2900 1678 2968; x_wconf 87' lang='lat' dir='ltr'><strong>omnimodis</strong></span> <span class='ocrx_word' id='word_1_174' title='bbox 1697 2900 1874 2987; x_wconf 68' lang='lat' dir='ltr'><strong>profuturo</strong></span> 
     </span>
     <span class='ocr_line' id='line_1_18' title="bbox 406 3036 1876 3128; baseline -0.001 -21"><span class='ocrx_word' id='word_1_175' title='bbox 406 3037 506 3107; x_wconf 76' lang='lat' dir='ltr'><strong>Solve</strong></span> <span class='ocrx_word' id='word_1_176' title='bbox 523 3038 607 3106; x_wconf 87' lang='lat' dir='ltr'><strong>sedis</strong></span> <span class='ocrx_word' id='word_1_177' title='bbox 628 3036 799 3125; x_wconf 79' lang='lat' dir='ltr'><strong>apostolioe</strong></span> <span class='ocrx_word' id='word_1_178' title='bbox 820 3037 1019 3107; x_wconf 84' lang='lat' dir='ltr'><strong>nuotoritete.</strong></span> <span class='ocrx_word' id='word_1_179' title='bbox 1066 3038 1103 3107; x_wconf 81' lang='lat' dir='ltr'><strong>si</strong></span> <span class='ocrx_word' id='word_1_180' title='bbox 1124 3062 1190 3127; x_wconf 86' lang='lat' dir='ltr'><strong>que</strong></span> <span class='ocrx_word' id='word_1_181' title='bbox 1209 3039 1313 3128; x_wconf 80' lang='lat' dir='ltr'><strong>igitur</strong></span> <span class='ocrx_word' id='word_1_182' title='bbox 1332 3039 1369 3105; x_wconf 92' lang='lat' dir='ltr'><strong>in</strong></span> <span class='ocrx_word' id='word_1_183' title='bbox 1389 3039 1540 3106; x_wconf 85' lang='lat' dir='ltr'><strong>futurum</strong></span> <span class='ocrx_word' id='word_1_184' title='bbox 1560 3038 1771 3107; x_wconf 79' lang='lat' dir='ltr'><strong>eoelesiostioe</strong></span> <span class='ocrx_word' id='word_1_185' title='bbox 1791 3060 1876 3105; x_wconf 86' lang='lat' dir='ltr'><strong>seen·</strong></span> 
     </span>
     <span class='ocr_line' id='line_1_19' title="bbox 408 3174 1879 3265; baseline -0.002 -20"><span class='ocrx_word' id='word_1_186' title='bbox 408 3176 524 3245; x_wconf 80' lang='lat' dir='ltr'><strong>liriive</strong></span> <span class='ocrx_word' id='word_1_187' title='bbox 553 3197 687 3263; x_wconf 86' lang='lat' dir='ltr'><strong>persone</strong></span> <span class='ocrx_word' id='word_1_188' title='bbox 715 3174 800 3243; x_wconf 90' lang='lat' dir='ltr'><strong>huno</strong></span> <span class='ocrx_word' id='word_1_189' title='bbox 828 3179 935 3243; x_wconf 84' lang='lat' dir='ltr'><strong>nostre</strong></span> <span class='ocrx_word' id='word_1_190' title='bbox 960 3176 1199 3245; x_wconf 87' lang='lat' dir='ltr'><strong>eonstitutionis</strong></span> <span class='ocrx_word' id='word_1_191' title='bbox 1221 3176 1377 3265; x_wconf 72' lang='lat' dir='ltr'><strong>peginam</strong></span> <span class='ocrx_word' id='word_1_192' title='bbox 1401 3175 1505 3244; x_wconf 87' lang='lat' dir='ltr'><strong>soiens</strong></span> <span class='ocrx_word' id='word_1_193' title='bbox 1528 3179 1640 3244; x_wconf 78' lang='lat' dir='ltr'><strong>nontin</strong></span> <span class='ocrx_word' id='word_1_194' title='bbox 1663 3198 1737 3243; x_wconf 84' lang='lat' dir='ltr'><strong>enin</strong></span> <span class='ocrx_word' id='word_1_195' title='bbox 1760 3180 1879 3243; x_wconf 87' lang='lat' dir='ltr'><strong>temere</strong></span> 
     </span>
     <span class='ocr_line' id='line_1_20' title="bbox 410 3311 1880 3401; baseline -0.002 -18"><span class='ocrx_word' id='word_1_196' title='bbox 410 3313 519 3383; x_wconf 84' lang='lat' dir='ltr'><strong>venire</strong></span> <span class='ocrx_word' id='word_1_197' title='bbox 543 3311 751 3400; x_wconf 76' lang='lat' dir='ltr'><strong>temptaverit</strong></span> <span class='ocrx_word' id='word_1_198' title='bbox 774 3362 781 3377; x_wconf 93' lang='lat'><strong><em>.</em></strong></span> <span class='ocrx_word' id='word_1_199' title='bbox 805 3313 944 3379; x_wconf 88' lang='lat' dir='ltr'><strong>seeundo</strong></span> <span class='ocrx_word' id='word_1_200' title='bbox 968 3314 1104 3381; x_wconf 83' lang='lat' dir='ltr'><strong>tertiove</strong></span> <span class='ocrx_word' id='word_1_201' title='bbox 1127 3312 1321 3382; x_wconf 85' lang='lat' dir='ltr'><strong>oommonite</strong></span> <span class='ocrx_word' id='word_1_202' title='bbox 1346 3363 1355 3379; x_wconf 92' lang='lat'><strong>.</strong></span> <span class='ocrx_word' id='word_1_203' title='bbox 1381 3312 1445 3380; x_wconf 83' lang='lat' dir='ltr'><strong>nisi</strong></span> <span class='ocrx_word' id='word_1_204' title='bbox 1468 3317 1596 3383; x_wconf 78' lang='lat' dir='ltr'><strong>metum</strong></span> <span class='ocrx_word' id='word_1_205' title='bbox 1619 3334 1716 3381; x_wconf 85' lang='lat' dir='ltr'><strong>snum</strong></span> <span class='ocrx_word' id='word_1_206' title='bbox 1739 3334 1880 3401; x_wconf 77' lang='lat' dir='ltr'><strong>oongruii</strong></span> 
     </span>
     <span class='ocr_line' id='line_1_21' title="bbox 317 3449 1881 3538; baseline -0.003 -17"><span class='ocrx_word' id='word_1_207' title='bbox 317 3494 319 3502; x_wconf 29' lang='lat' dir='ltr'>x</span> <span class='ocrx_word' id='word_1_208' title='bbox 411 3449 628 3521; x_wconf 82' lang='lat' dir='ltr'><strong>setisfnotione</strong></span> <span class='ocrx_word' id='word_1_209' title='bbox 658 3449 830 3516; x_wconf 85' lang='lat' dir='ltr'><strong>eorrexerit</strong></span> <span class='ocrx_word' id='word_1_210' title='bbox 859 3499 867 3515; x_wconf 90' lang='lat'><strong>.</strong></span> <span class='ocrx_word' id='word_1_211' title='bbox 898 3449 1065 3537; x_wconf 86' lang='lat' dir='ltr'><strong>potestotis</strong></span> <span class='ocrx_word' id='word_1_212' title='bbox 1089 3450 1282 3537; x_wconf 88' lang='lat' dir='ltr'><strong>honorisque</strong></span> <span class='ocrx_word' id='word_1_213' title='bbox 1307 3450 1359 3518; x_wconf 89' lang='lat' dir='ltr'><strong>sui</strong></span> <span class='ocrx_word' id='word_1_214' title='bbox 1382 3454 1489 3519; x_wconf 83' lang='lat' dir='ltr'><strong>nerent</strong></span> <span class='ocrx_word' id='word_1_215' title='bbox 1512 3450 1674 3538; x_wconf 73' lang='lat' dir='ltr'><strong>dignitate</strong></span> <span class='ocrx_word' id='word_1_216' title='bbox 1701 3470 1881 3536; x_wconf 84' lang='lat' dir='ltr'><strong>.renmqne</strong></span> 
     </span>
     <span class='ocr_line' id='line_1_22' title="bbox 412 3584 1880 3682; baseline -0.005 -23"><span class='ocrx_word' id='word_1_217' title='bbox 412 3588 523 3659; x_wconf 83' lang='lat' dir='ltr'><strong>divino</strong></span> <span class='ocrx_word' id='word_1_218' title='bbox 552 3584 674 3675; x_wconf 77' lang='lat' dir='ltr'><strong>judicio</strong></span> <span class='ocrx_word' id='word_1_219' title='bbox 703 3586 838 3653; x_wconf 81' lang='lat' dir='ltr'><strong>existere</strong></span> <span class='ocrx_word' id='word_1_220' title='bbox 864 3587 905 3655; x_wconf 86' lang='lat' dir='ltr'><strong>de</strong></span> <span class='ocrx_word' id='word_1_221' title='bbox 929 3590 1113 3675; x_wconf 82' lang='lat' dir='ltr'><strong>perpetrotn</strong></span> <span class='ocrx_word' id='word_1_222' title='bbox 1137 3588 1310 3675; x_wconf 79' lang='lat' dir='ltr'><strong>iniquitute</strong></span> <span class='ocrx_word' id='word_1_223' title='bbox 1334 3592 1505 3682; x_wconf 74' lang='lat' dir='ltr'><strong>eognoeoet</strong></span> <span class='ocrx_word' id='word_1_224' title='bbox 1534 3636 1543 3653; x_wconf 88' lang='lat'><strong>.</strong></span> <span class='ocrx_word' id='word_1_225' title='bbox 1570 3591 1605 3655; x_wconf 90' lang='lat' dir='ltr'><strong>et</strong></span> <span class='ocrx_word' id='word_1_226' title='bbox 1627 3609 1648 3653; x_wconf 84' lang='lat' dir='ltr'><strong>u</strong></span> <span class='ocrx_word' id='word_1_227' title='bbox 1671 3586 1880 3654; x_wconf 66' lang='lat' dir='ltr'><strong>nantissime</strong></span> 
     </span>
     <span class='ocr_line' id='line_1_23' title="bbox 413 3722 1882 3814; baseline -0.004 -19"><span class='ocrx_word' id='word_1_228' title='bbox 413 3748 543 3814; x_wconf 88' lang='lat' dir='ltr'><strong>oorpore</strong></span> <span class='ocrx_word' id='word_1_229' title='bbox 560 3746 597 3791; x_wconf 88' lang='lat' dir='ltr'><strong>eo</strong></span> <span class='ocrx_word' id='word_1_230' title='bbox 619 3723 777 3811; x_wconf 81' lang='lat' dir='ltr'><strong>sunguine</strong></span> <span class='ocrx_word' id='word_1_231' title='bbox 797 3722 863 3791; x_wconf 88' lang='lat' dir='ltr'><strong>Dei</strong></span> <span class='ocrx_word' id='word_1_232' title='bbox 886 3776 893 3791; x_wconf 93' lang='lat'><strong>.</strong></span> <span class='ocrx_word' id='word_1_233' title='bbox 916 3729 950 3793; x_wconf 92' lang='lat' dir='ltr'><strong>et</strong></span> <span class='ocrx_word' id='word_1_234' title='bbox 970 3726 1096 3793; x_wconf 89' lang='lat' dir='ltr'><strong>domini</strong></span> <span class='ocrx_word' id='word_1_235' title='bbox 1119 3725 1330 3814; x_wconf 84' lang='lat' dir='ltr'><strong>redemptoris</strong></span> <span class='ocrx_word' id='word_1_236' title='bbox 1349 3726 1453 3794; x_wconf 84' lang='lat' dir='ltr'><strong>nostri</strong></span> <span class='ocrx_word' id='word_1_237' title='bbox 1473 3724 1588 3795; x_wconf 82' lang='lat' dir='ltr'><strong>Jiiiieu</strong></span> <span class='ocrx_word' id='word_1_238' title='bbox 1613 3723 1759 3791; x_wconf 81' lang='lat' dir='ltr'><strong>Onnisri</strong></span> <span class='ocrx_word' id='word_1_239' title='bbox 1778 3723 1882 3789; x_wconf 82' lang='lat' dir='ltr'><strong>eiieue</strong></span> 
     </span>
     <span class='ocr_line' id='line_1_24' title="bbox 415 3832 1883 3952; baseline -0.003 -21"><span class='ocrx_word' id='word_1_240' title='bbox 415 3864 475 3931; x_wconf 74' lang='lat' dir='ltr'><strong>flet</strong></span> <span class='ocrx_word' id='word_1_241' title='bbox 489 3914 496 3929; x_wconf 93' lang='lat'><em>.</em></span> <span class='ocrx_word' id='word_1_242' title='bbox 513 3861 618 3949; x_wconf 80' lang='lat' dir='ltr'><strong>obque</strong></span> <span class='ocrx_word' id='word_1_243' title='bbox 631 3861 667 3927; x_wconf 91' lang='lat' dir='ltr'><strong>in</strong></span> <span class='ocrx_word' id='word_1_244' title='bbox 681 3868 824 3929; x_wconf 83' lang='lat' dir='ltr'><strong>extremo</strong></span> <span class='ocrx_word' id='word_1_245' title='bbox 839 3861 986 3931; x_wconf 75' lang='lat' dir='ltr'><strong>examine</strong></span> <span class='ocrx_word' id='word_1_246' title='bbox 1000 3832 1144 3931; x_wconf 86' lang='lat' dir='ltr'><strong>dietriete</strong></span> <span class='ocrx_word' id='word_1_247' title='bbox 1157 3863 1276 3931; x_wconf 83' lang='lat' dir='ltr'><strong>ultioni</strong></span> <span class='ocrx_word' id='word_1_248' title='bbox 1289 3861 1463 3952; x_wconf 80' lang='lat' dir='ltr'><strong>subjuoent.</strong></span> <span class='ocrx_word' id='word_1_249' title='bbox 1508 3861 1642 3930; x_wconf 60' lang='lat' dir='ltr'><strong>&amp;nobs</strong></span> <span class='ocrx_word' id='word_1_250' title='bbox 1654 3864 1765 3929; x_wconf 84' lang='lat' dir='ltr'><strong>nutem</strong></span> <span class='ocrx_word' id='word_1_251' title='bbox 1780 3861 1883 3929; x_wconf 88' lang='lat' dir='ltr'><strong>eidem</strong></span> 
     </span>
     <span class='ocr_line' id='line_1_25' title="bbox 416 3996 1885 4087; baseline -0.004 -18"><span class='ocrx_word' id='word_1_252' title='bbox 416 4000 486 4069; x_wconf 93' lang='lat' dir='ltr'><strong>looo</strong></span> <span class='ocrx_word' id='word_1_253' title='bbox 501 4022 559 4066; x_wconf 84' lang='lat' dir='ltr'><strong>siin</strong></span> <span class='ocrx_word' id='word_1_254' title='bbox 572 3998 647 4087; x_wconf 81' lang='lat' dir='ltr'><strong>jure</strong></span> <span class='ocrx_word' id='word_1_255' title='bbox 662 3998 862 4067; x_wconf 79' lang='lat' dir='ltr'><strong>serventibus</strong></span> <span class='ocrx_word' id='word_1_256' title='bbox 876 3999 919 4068; x_wconf 87' lang='lat' dir='ltr'><strong>sit</strong></span> <span class='ocrx_word' id='word_1_257' title='bbox 931 4022 997 4087; x_wconf 82' lang='lat' dir='ltr'><strong>pax</strong></span> <span class='ocrx_word' id='word_1_258' title='bbox 1010 4000 1136 4068; x_wconf 93' lang='lat' dir='ltr'><strong>domini</strong></span> <span class='ocrx_word' id='word_1_259' title='bbox 1148 4000 1251 4069; x_wconf 86' lang='lat' dir='ltr'><strong>nostri</strong></span> <span class='ocrx_word' id='word_1_260' title='bbox 1267 4000 1291 4069; x_wconf 84' lang='lat' dir='ltr'><strong>J</strong></span> <span class='ocrx_word' id='word_1_261' title='bbox 1292 4022 1382 4068; x_wconf 75' lang='lat' dir='ltr'><strong>einen</strong></span> <span class='ocrx_word' id='word_1_262' title='bbox 1396 4000 1549 4067; x_wconf 73' lang='lat' dir='ltr'><strong>Omnisri.</strong></span> <span class='ocrx_word' id='word_1_263' title='bbox 1595 3999 1760 4073; x_wconf 81' lang='lat' dir='ltr'><strong>Quotinus</strong></span> <span class='ocrx_word' id='word_1_264' title='bbox 1780 4003 1814 4065; x_wconf 91' lang='lat' dir='ltr'><strong>et</strong></span> <span class='ocrx_word' id='word_1_265' title='bbox 1833 3996 1885 4063; x_wconf 86' lang='lat' dir='ltr'><strong>bio</strong></span> 
     </span>
     <span class='ocr_line' id='line_1_26' title="bbox 417 4134 1885 4227; baseline -0.003 -20"><span class='ocrx_word' id='word_1_266' title='bbox 417 4137 562 4207; x_wconf 78' lang='lat' dir='ltr'><strong>iriiotum</strong></span> <span class='ocrx_word' id='word_1_267' title='bbox 580 4134 664 4204; x_wconf 87' lang='lat' dir='ltr'><strong>bone</strong></span> <span class='ocrx_word' id='word_1_268' title='bbox 685 4135 820 4204; x_wconf 82' lang='lat' dir='ltr'><strong>eotionis</strong></span> <span class='ocrx_word' id='word_1_269' title='bbox 840 4137 1019 4227; x_wconf 76' lang='lat' dir='ltr'><strong>percipient</strong></span> <span class='ocrx_word' id='word_1_270' title='bbox 1041 4189 1050 4205; x_wconf 92' lang='lat'><strong>.</strong></span> <span class='ocrx_word' id='word_1_271' title='bbox 1072 4144 1106 4207; x_wconf 87' lang='lat' dir='ltr'><strong>et</strong></span> <span class='ocrx_word' id='word_1_272' title='bbox 1127 4140 1215 4227; x_wconf 86' lang='lat' dir='ltr'><strong>opud</strong></span> <span class='ocrx_word' id='word_1_273' title='bbox 1236 4139 1418 4207; x_wconf 86' lang='lat' dir='ltr'><strong>dietn&#39;otum</strong></span> <span class='ocrx_word' id='word_1_274' title='bbox 1438 4137 1583 4225; x_wconf 80' lang='lat' dir='ltr'><strong>iudioem</strong></span> <span class='ocrx_word' id='word_1_275' title='bbox 1605 4188 1613 4204; x_wconf 92' lang='lat'><strong>.</strong></span> <span class='ocrx_word' id='word_1_276' title='bbox 1635 4136 1760 4225; x_wconf 84' lang='lat' dir='ltr'><strong>premio</strong></span> <span class='ocrx_word' id='word_1_277' title='bbox 1779 4140 1885 4203; x_wconf 69' lang='lat' dir='ltr'><strong>otene</strong></span> 
     </span>
     <span class='ocr_line' id='line_1_27' title="bbox 418 4272 1166 4364; baseline 0.003 -23"><span class='ocrx_word' id='word_1_278' title='bbox 418 4274 507 4364; x_wconf 85' lang='lat' dir='ltr'><strong>penis</strong></span> <span class='ocrx_word' id='word_1_279' title='bbox 521 4272 676 4339; x_wconf 85' lang='lat' dir='ltr'><strong>inveniet.</strong></span> <span class='ocrx_word' id='word_1_280' title='bbox 720 4272 839 4341; x_wconf 87' lang='lat' dir='ltr'><strong>Amen.</strong></span> <span class='ocrx_word' id='word_1_281' title='bbox 883 4276 1002 4345; x_wconf 89' lang='lat' dir='ltr'><strong>Arnen.</strong></span> <span class='ocrx_word' id='word_1_282' title='bbox 1046 4277 1166 4346; x_wconf 89' lang='lat' dir='ltr'><strong>Amen.</strong></span> 
     </span>
    </p>
   </div>
   <div class='ocr_carea' id='block_1_5' title="bbox 465 4408 1686 4623">
    <p class='ocr_par' dir='ltr' id='par_1_5' title="bbox 465 4408 1686 4623">
     <span class='ocr_line' id='line_1_28' title="bbox 465 4408 1318 4505; baseline 0.008 -28"><span class='ocrx_word' id='word_1_283' title='bbox 465 4410 539 4499; x_wconf 82' lang='lat' dir='ltr'><strong>Ego</strong></span> <span class='ocrx_word' id='word_1_284' title='bbox 553 4408 723 4477; x_wconf 77' lang='lat' dir='ltr'><strong>Ursinus</strong></span> <span class='ocrx_word' id='word_1_285' title='bbox 737 4410 891 4481; x_wconf 87' lang='lat' dir='ltr'><strong>netholioe</strong></span> <span class='ocrx_word' id='word_1_286' title='bbox 904 4414 1032 4483; x_wconf 88' lang='lat' dir='ltr'><strong>eoelesie</strong></span> <span class='ocrx_word' id='word_1_287' title='bbox 1046 4414 1221 4504; x_wconf 82' lang='lat' dir='ltr'><strong>episeopus</strong></span> <span class='ocrx_word' id='word_1_288' title='bbox 1257 4414 1292 4482; x_wconf 81' lang='lat' dir='ltr'><strong>S.</strong></span> <span class='ocrx_word' id='word_1_289' title='bbox 1300 4488 1318 4505; x_wconf 69' lang='lat'><em>,</em></span> 
     </span>
     <span class='ocr_line' id='line_1_29' title="bbox 467 4532 1686 4623; baseline 0.001 -21"><span class='ocrx_word' id='word_1_290' title='bbox 467 4532 745 4623; x_wconf 80' lang='lat' dir='ltr'><strong>(nudineoirole)</strong></span> <span class='ocrx_word' id='word_1_291' title='bbox 934 4538 1074 4609; x_wconf 64' lang='lat' dir='ltr'><strong>Seruus</strong></span> <span class='ocrx_word' id='word_1_292' title='bbox 1087 4540 1223 4608; x_wconf 83' lang='lat' dir='ltr'><strong>Piirnus</strong></span> <span class='ocrx_word' id='word_1_293' title='bbox 1395 4535 1686 4607; x_wconf 80' lang='lat' dir='ltr'><strong>SnnotnsPiunus</strong></span> 
     </span>
    </p>
   </div>
   <div class='ocr_carea' id='block_1_6' title="bbox 516 4662 1675 5027">
    <p class='ocr_par' dir='ltr' id='par_1_6' title="bbox 516 4662 1675 5027">
     <span class='ocr_line' id='line_1_30' title="bbox 1138 4662 1675 4751; baseline -0.02 -18"><span class='ocrx_word' id='word_1_294' title='bbox 1138 4664 1309 4733; x_wconf 74' lang='lat' dir='ltr'><strong>Uenerius</strong></span> <span class='ocrx_word' id='word_1_295' title='bbox 1329 4662 1421 4751; x_wconf 85' lang='lat' dir='ltr'><strong>Pepn</strong></span> <span class='ocrx_word' id='word_1_296' title='bbox 1442 4683 1496 4730; x_wconf 88' lang='lat' dir='ltr'><strong>m.</strong></span> <span class='ocrx_word' id='word_1_297' title='bbox 1671 4715 1675 4722; x_wconf 90' lang='lat'>.</span> 
     </span>
     <span class='ocr_line' id='line_1_31' title="bbox 979 4788 1657 4858; baseline -0.009 -1"><span class='ocrx_word' id='word_1_298' title='bbox 979 4790 1021 4857; x_wconf 88' lang='lat' dir='ltr'><strong>ud</strong></span> <span class='ocrx_word' id='word_1_299' title='bbox 1042 4793 1077 4858; x_wconf 88' lang='lat' dir='ltr'><strong>te</strong></span> <span class='ocrx_word' id='word_1_300' title='bbox 1101 4790 1232 4858; x_wconf 88' lang='lat' dir='ltr'><strong>domine</strong></span> <span class='ocrx_word' id='word_1_301' title='bbox 1251 4788 1357 4858; x_wconf 81' lang='lat' dir='ltr'><strong>levevi</strong></span> <span class='ocrx_word' id='word_1_302' title='bbox 1377 4788 1521 4855; x_wconf 79' lang='lat' dir='ltr'><strong>inimum</strong></span> <span class='ocrx_word' id='word_1_303' title='bbox 1540 4806 1657 4853; x_wconf 85' lang='lat' dir='ltr'><strong>meum.</strong></span> 
     </span>
     <span class='ocr_line' id='line_1_32' title="bbox 516 4684 1570 5027; baseline -0.008 -41"><span class='ocrx_word' id='word_1_304' title='bbox 516 4684 682 5027; x_wconf 47' lang='grc' dir='ltr'>Μ</span> <span class='ocrx_word' id='word_1_305' title='bbox 1065 4936 1256 5004; x_wconf 79' lang='lat' dir='ltr'><strong>monogriim</strong></span> <span class='ocrx_word' id='word_1_306' title='bbox 1336 4913 1429 4983; x_wconf 89' lang='lat' dir='ltr'><strong>Bene</strong></span> <span class='ocrx_word' id='word_1_307' title='bbox 1443 4910 1570 4984; x_wconf 78' lang='lat' dir='ltr'><strong>Videte.</strong></span> 
     </span>
    </p>
   </div>
   <div class='ocr_carea' id='block_1_7' title="bbox 0 0 2092 5359">
    <p class='ocr_par' dir='ltr' id='par_1_7' title="bbox 0 0 2092 5359">
     <span class='ocr_line' id='line_1_33' title="bbox 0 0 2092 5359; baseline 0 0"><span class='ocrx_word' id='word_1_308' title='bbox 0 0 2092 5359; x_wconf 95' lang='lat' dir='ltr'><strong> </strong></span> 
     </span>
    </p>
   </div>
  </div>
 </body>
</html>
