4125 5359
852 870 856 877 ’
979 873 1149 944 DXXVI.

323 1020 483 1090 SYNOD
520 1018 581 1088 OF
617 1017 902 1088 LLANDAFF:
941 1015 1136 1099 HYWEL,
1174 1015 1265 1084 soN
1300 1016 1361 1085 OF
1397 1017 1539 1100 RHYS,
1576 1018 1703 1088 KING
1737 1020 1800 1089 OF

434 1142 721 1225 GLEU'ISSISG,
773 1141 961 1211 GRANTS
1014 1139 1258 1209 MERTHYR
1309 1141 1505 1225 BUGAIL,
1556 1144 1799 1213 MERTHYB

432 1268 587 1339 MAWR
615 1268 750 1337 NEAR
777 1266 1042 1349 BRIDGEND,
1071 1288 1155 1347 ana,
1188 1263 1247 1333 ΤΟ
1278 1265 1379 1334 THE
1408 1266 1621 1337 cffURoH.

698 1406 848 1497 [Oorms
863 1404 961 1474 MSS.
1005 1401 1426 1491 me1os0.x.f.68.]

567 1559 739 1626 Maeniam
762 1557 894 1623 Bucam
919 1554 1092 1621 Mannum
1114 1554 1236 1621 Mmca
1261 1557 1295 1620 et
1319 1552 1389 1621 Tm
1413 1552 1557 1622 ocimu.

338 1680 342 1691 '
369 1670 546 1787 cognitum
572 1696 614 1762 aa
639 1691 992 1763 onninamente
1018 1689 1166 1779 Regibus
1191 1694 1225 1757 a
1249 1689 1449 1778 principibus
1473 1695 1507 1758 a
1531 1691 1697 1760 anona
1721 1693 1798 1759 via

323 1836 491 1923 uniusque
517 1832 639 1901 ordinis
663 1830 817 1899 cleaioalis
840 1851 939 1916 quam
962 1828 1085 1896 laicalis
1109 1828 1145 1895 in
1168 1828 1284 1895 dextra
1308 1832 1401 1915 parta
1424 1827 1634 1896 Banasam
1655 1829 1796 1897 maxime

322 1970 546 2039 habitantibm
574 1970 661 2057 quod
685 1968 830 2035 &annon
853 1966 939 2034 filius
962 1965 1112 2035 Ommcfl
1134 1972 1241 2033 motus
1264 1965 1313 2032 ira
1336 1970 1370 2031 ct
1391 1964 1499 2033 funem
1524 1968 1664 2033 surrexit
1686 1971 1798 2034 conica

323 2084 602 2176 dominum'sunm
616 2107 741 2173 clevato
755 2128 813 2171 suc
828 2104 933 2191 capito
948 2103 1075 2170 Hoonn
1091 2102 1241 2170 videlicet
1253 2101 1385 2191 Regum
1396 2101 1599 2170 (immanes
1614 2103 1719 2170 filium
1733 2102 1797 2171 Bm

320 2250 417 2333 rupta
431 2267 490 2313 sua
504 2268 591 2331 paca,
607 2249 640 2311 ct
654 2242 758 2310 voluit
772 2243 802 2309 ci
823 2242 948 2309 auferte
969 2246 1091 2309 terrem
1111 2240 1285 2309 Lasnrvnl
1308 2242 1342 2309 vi
1363 2264 1422 2309 sua
1442 2246 1476 2309 et
1498 2242 1700 2309 fortitudine.
1746 2241 1794 2309 Et

321 2382 433 2450 audita
447 2383 505 2449 lita
519 2386 553 2449 et
567 2382 771 2449 contentione
786 2380 872 2447 inter
886 2379 1012 2469 Regem
1027 2383 1061 2446 et
1075 2379 1254 2467 prinoipem
1268 2402 1326 2467 per
1338 2384 1443 2448 totam
1455 2382 1631 2469 regionem,
1644 2381 1792 2449 hortatus

321 2525 370 2586 est
385 2518 571 2586 (inensam
584 2518 750 2605 episcopus
770 2516 966 2585 Lannavmn
987 2538 1042 2583 ece
1063 2516 1248 2584 concordati
1266 2517 1353 2584 facta
1377 2540 1464 2607 pace.
1510 2517 1558 2585 Iit
1579 2520 1611 2586 ci
1632 2518 1795 2607 obtempe-

320 2662 440 2740 rantes,
455 2657 567 2725 audita
581 2679 674 2753 prece
688 2658 847 2723 venerunt
861 2656 903 2722 ad
921 2652 1136 2721 Lannavmm
1158 2676 1232 2719 cum
1254 2676 1374 2743 magno
1396 2656 1500 2723 milite
1522 2660 1556 2723 ct
1577 2678 1673 2743 super
1694 2658 1796 2723 altare

319 2798 503 2863 sanctorum
516 2793 681 2862 Daemon
698 2792 846 2860 Tnnmm
862 2797 895 2860 et
910 2792 1062 2860 Onnocm
1077 2792 1267 2880 antepositis
1285 2794 1382 2861 sacris
1403 2795 1581 2882 evangeliis
1601 2794 1796 2881 juravenmt

320 2954 432 3021 pacem
447 2932 586 3020 amplius
598 2932 666 2998 sine
681 2931 790 3017 aliqua
804 2930 919 2996 fraudo
934 2932 967 2996 et
983 2928 1110 2996 insidiis
1123 2929 1325 3015 presentibus
1339 2929 1444 2997 tribus
1458 2929 1631 2999 abbatibus
1645 2930 1796 2999 numm

321 3068 437 3137 abbate
453 3069 585 3150 (iamet,
609 3069 738 3135 Entsnn
753 3066 869 3134 abbate
884 3066 1008 3133 Ianam
1010 3116 1151 3149 .....
1174 3066 1292 3134 abbate
1309 3067 1481 3148 Decem,
1498 3066 1794 3151 O1vananlcct01e,

321 3206 530 3289 Gnansonn,
549 3205 654 3289 Rom,
675 3206 780 3287 mm,
799 3206 943 3287 Pascns,
964 3206 1166 3293 pmscntibus
1184 3204 1275 3272 laicis
1292 3203 1376 3271 Mos
1394 3203 1607 3287 Mancnma,
1627 3205 1651 3274 J
1652 3228 1794 3290 cncasn,

321 3338 519 3412 Enaansnn.
554 3344 634 3413 Post
648 3344 718 3411 hec
733 3342 807 3411 Rex
821 3342 948 3411 Hounn
962 3347 1061 3431 mptc
1072 3366 1133 3411 sua
1145 3366 1233 3432 pace,
1248 3342 1369 3410 faciens
1382 3346 1567 3430 utrumqne,
1582 3344 1793 3412 homicidium

322 3482 420 3551 amul
434 3487 467 3550 ct
481 3481 659 3570 perjuriam
674 3480 789 3549 occidit
805 3479 968 3549 ammos
983 3504 1042 3570 per
1051 3482 1175 3562 dolum,
1190 3484 1225 3547 ct
1238 3480 1339 3548 occiso
1353 3502 1392 3548 cc
1406 3481 1617 3569 congregavit
1631 3480 1797 3569 episcopus

320 3623 425 3687 totam
440 3620 597 3706 synodem
613 3620 701 3705 apud
715 3617 930 3685 mmmmm
944 3604 1148 3707 congregatis
1162 3619 1198 3685 in
1217 3640 1323 3685 unum
1336 3618 1458 3685 clericis
1472 3618 1573 3685 totius
1584 3616 1744 3706 parochiae
1754 3616 1797 3685 ab

322 3757 428 3824 hostio
443 3756 608 3823 mmm
621 3756 656 3823 in
673 3754 750 3824 eus
772 3778 873 3843 usquc
894 3757 936 3823 ad
960 3756 1104 3825 hostium
1125 3756 1207 3823 'l'mt
1230 3755 1380 3823 omnibus
1401 3760 1434 3822 ot
1456 3778 1524 3823 una
1546 3778 1622 3823 voce
1643 3756 1796 3845 depositis

322 3892 469 3963 crucibus
483 3896 525 3961 ad
538 3898 659 3960 terram
673 3898 707 3959 et
721 3894 820 3961 versis
834 3893 980 3963 cimbalis
993 3895 1091 3962 simul
1108 3916 1182 3961 eum
1202 3893 1347 3981 reliquiis
1366 3898 1550 3961 aanotonam
1568 3892 1688 3961 ablatis
1700 3894 1797 3961 altari

322 4036 356 4100 et
375 4030 528 4119 projectis
548 4031 584 4097 in
605 4036 725 4098 terram
747 4032 1037 4099 excommunicavit
1059 4054 1171 4120 regem
1196 4032 1346 4100 auferens
1371 4032 1403 4099 ei
1423 4038 1527 4099 totam
1548 4032 1796 4100 christianorum

321 4166 589 4237 communionem.
645 4167 693 4235 Et
728 4168 763 4235 in
799 4170 913 4237 eadem
952 4169 1283 4237 excommunicatione
1317 4170 1440 4237 mansit
1475 4169 1543 4237 tere
1578 4192 1637 4257 per
1671 4190 1796 4237 annum

320 4306 495 4395 intcgmm.
542 4304 621 4373 Post
635 4306 714 4387 haec,
729 4330 786 4373 rex
801 4328 867 4373 non
882 4306 1043 4375 mstincne
1062 4311 1190 4375 tantam
1204 4306 1577 4388 excommunicationem,
1592 4306 1717 4373 meritis
1730 4305 1796 4373 cuis

319 4444 532 4532 exigentibus
539 4444 689 4530 quaesivit
703 4444 832 4511 veniam
853 4444 941 4531 apud
955 4442 1172 4511 Lmnavmm
1186 4446 1284 4511 nudis
1297 4444 1433 4533 podibus
1447 4466 1520 4511 oum
1536 4444 1644 4510 effusis
1656 4443 1797 4511 lacrimis

318 4585 353 4649 ct
377 4582 455 4648 data
482 4581 578 4649 venia
606 4582 638 4647 ci
666 4603 740 4647 cnm
767 4580 883 4668 juncta
912 4578 1107 4668 poenitentia
1128 4577 1259 4668 publica
1277 4572 1445 4647 homicidii
1467 4579 1565 4646 simul
1587 4584 1620 4647 ct
1644 4578 1797 4647 adulterii

317 4718 450 4787 consilio
482 4718 638 4806 patruolis
671 4718 721 4785 sui
755 4717 908 4785 Moomot
938 4717 1132 4807 promittens
1159 4717 1421 4785 emendationem
1450 4720 1520 4783 tam
1549 4717 1668 4785 animae
1697 4737 1797 4804 quam
