<?xml version="1.0" encoding="UTF-8"?>
<!DOCTYPE html PUBLIC "-//W3C//DTD XHTML 1.0 Transitional//EN"
    "http://www.w3.org/TR/xhtml1/DTD/xhtml1-transitional.dtd">
<html xmlns="http://www.w3.org/1999/xhtml" xml:lang="en" lang="en">
 <head>
  <title>
</title>
<meta http-equiv="Content-Type" content="text/html;charset=utf-8" />
  <meta name='ocr-system' content='tesseract 3.04.00' />
  <meta name='ocr-capabilities' content='ocr_page ocr_carea ocr_par ocr_line ocrx_word'/>
</head>
<body>
  <div class='ocr_page' id='page_1' title='image "./cartetaliamunim02abbegoog_0117.png"; bbox 0 0 4125 5359; ppageno 0'>
   <div class='ocr_carea' id='block_1_1' title="bbox 1439 546 1633 651">
    <p class='ocr_par' dir='ltr' id='par_1_1' title="bbox 1439 546 1633 651">
     <span class='ocr_line' id='line_1_1' title="bbox 1439 546 1633 651; baseline 0 -38"><span class='ocrx_word' id='word_1_1' title='bbox 1439 546 1633 651; x_wconf 31' lang='lat' dir='ltr'><strong>‘rs</strong></span> 
     </span>
    </p>
   </div>
   <div class='ocr_carea' id='block_1_2' title="bbox 197 860 1674 1505">
    <p class='ocr_par' dir='ltr' id='par_1_2' title="bbox 197 860 1674 1505">
     <span class='ocr_line' id='line_1_2' title="bbox 197 860 1674 956; baseline -0.003 -23"><span class='ocrx_word' id='word_1_2' title='bbox 197 888 369 935; x_wconf 72' lang='lat' dir='ltr'><strong>monuere</strong></span> <span class='ocrx_word' id='word_1_3' title='bbox 390 865 697 956; x_wconf 87' lang='lat' dir='ltr'><strong>erohiepisooporum</strong></span> <span class='ocrx_word' id='word_1_4' title='bbox 718 866 858 947; x_wconf 77' lang='lat' dir='ltr'><strong>eooedes,</strong></span> <span class='ocrx_word' id='word_1_5' title='bbox 878 868 912 933; x_wconf 87' lang='lat' dir='ltr'><strong>et</strong></span> <span class='ocrx_word' id='word_1_6' title='bbox 930 864 1142 953; x_wconf 72' lang='lat' dir='ltr'><strong>allegationes</strong></span> <span class='ocrx_word' id='word_1_7' title='bbox 1160 866 1234 931; x_wconf 82' lang='lat' dir='ltr'><strong>tues</strong></span> <span class='ocrx_word' id='word_1_8' title='bbox 1252 861 1299 930; x_wconf 89' lang='lat' dir='ltr'><strong>eis</strong></span> <span class='ocrx_word' id='word_1_9' title='bbox 1317 860 1437 949; x_wconf 81' lang='lat' dir='ltr'><strong>absque</strong></span> <span class='ocrx_word' id='word_1_10' title='bbox 1457 861 1674 949; x_wconf 75' lang='lat' dir='ltr'><strong>trepidatione</strong></span> 
     </span>
     <span class='ocr_line' id='line_1_3' title="bbox 201 1000 1674 1094; baseline -0.001 -23"><span class='ocrx_word' id='word_1_11' title='bbox 201 1004 310 1091; x_wconf 83' lang='lat' dir='ltr'><strong>ulique</strong></span> <span class='ocrx_word' id='word_1_12' title='bbox 338 1004 513 1091; x_wconf 77' lang='lat' dir='ltr'>diligenter</span> <span class='ocrx_word' id='word_1_13' title='bbox 542 1026 691 1093; x_wconf 85' lang='lat' dir='ltr'><strong>expones.</strong></span> <span class='ocrx_word' id='word_1_14' title='bbox 751 1004 822 1074; x_wconf 88' lang='lat' dir='ltr'><strong>Nos</strong></span> <span class='ocrx_word' id='word_1_15' title='bbox 853 1006 1013 1094; x_wconf 77' lang='lat' dir='ltr'><strong>siquidem</strong></span> <span class='ocrx_word' id='word_1_16' title='bbox 1046 1026 1175 1073; x_wconf 77' lang='lat' dir='ltr'><strong>ooumm</strong></span> <span class='ocrx_word' id='word_1_17' title='bbox 1210 1008 1302 1071; x_wconf 80' lang='lat' dir='ltr'><strong>tunm</strong></span> <span class='ocrx_word' id='word_1_18' title='bbox 1337 1002 1403 1069; x_wconf 91' lang='lat' dir='ltr'><strong>illis</strong></span> <span class='ocrx_word' id='word_1_19' title='bbox 1438 1000 1674 1070; x_wconf 75' lang='lat' dir='ltr'><strong>discutiendum</strong></span> 
     </span>
     <span class='ocr_line' id='line_1_4' title="bbox 202 1138 1674 1230; baseline -0.003 -19"><span class='ocrx_word' id='word_1_20' title='bbox 202 1142 418 1211; x_wconf 72' lang='lat' dir='ltr'><strong>commisimus</strong></span> <span class='ocrx_word' id='word_1_21' title='bbox 431 1146 465 1210; x_wconf 91' lang='lat' dir='ltr'><strong>et</strong></span> <span class='ocrx_word' id='word_1_22' title='bbox 479 1141 572 1210; x_wconf 90' lang='lat' dir='ltr'><strong>nobie</strong></span> <span class='ocrx_word' id='word_1_23' title='bbox 585 1164 783 1211; x_wconf 74' lang='lat' dir='ltr'><strong>reservamus</strong></span> <span class='ocrx_word' id='word_1_24' title='bbox 793 1142 1046 1210; x_wconf 78' lang='lat' dir='ltr'><strong>terminandum.</strong></span> <span class='ocrx_word' id='word_1_25' title='bbox 1072 1140 1151 1210; x_wconf 88' lang='lat' dir='ltr'><strong>Non</strong></span> <span class='ocrx_word' id='word_1_26' title='bbox 1165 1140 1268 1230; x_wconf 83' lang='lat' dir='ltr'><strong>igitur</strong></span> <span class='ocrx_word' id='word_1_27' title='bbox 1281 1162 1376 1227; x_wconf 90' lang='lat' dir='ltr'><strong>super</strong></span> <span class='ocrx_word' id='word_1_28' title='bbox 1385 1139 1447 1207; x_wconf 94' lang='lat' dir='ltr'><strong>hoo</strong></span> <span class='ocrx_word' id='word_1_29' title='bbox 1457 1138 1605 1207; x_wconf 84' lang='lat' dir='ltr'><strong>diseretio</strong></span> <span class='ocrx_word' id='word_1_30' title='bbox 1615 1143 1674 1206; x_wconf 86' lang='lat' dir='ltr'><strong>tue</strong></span> 
     </span>
     <span class='ocr_line' id='line_1_5' title="bbox 202 1274 1674 1368; baseline -0.003 -21"><span class='ocrx_word' id='word_1_31' title='bbox 202 1284 368 1347; x_wconf 75' lang='lat' dir='ltr'><strong>moventur</strong></span> <span class='ocrx_word' id='word_1_32' title='bbox 382 1276 536 1367; x_wconf 79' lang='lat' dir='ltr'><strong>quonium</strong></span> <span class='ocrx_word' id='word_1_33' title='bbox 550 1284 583 1348; x_wconf 88' lang='lat' dir='ltr'><strong>te</strong></span> <span class='ocrx_word' id='word_1_34' title='bbox 597 1278 632 1347; x_wconf 92' lang='lat' dir='ltr'><strong>in</strong></span> <span class='ocrx_word' id='word_1_35' title='bbox 647 1278 785 1348; x_wconf 83' lang='lat' dir='ltr'><strong>eoolesioe</strong></span> <span class='ocrx_word' id='word_1_36' title='bbox 800 1284 866 1347; x_wconf 77' lang='lat' dir='ltr'><strong>ture</strong></span> <span class='ocrx_word' id='word_1_37' title='bbox 883 1278 1012 1368; x_wconf 80' lang='lat' dir='ltr'><strong>justitio</strong></span> <span class='ocrx_word' id='word_1_38' title='bbox 1030 1282 1174 1367; x_wconf 83' lang='lat' dir='ltr'><strong>peternae</strong></span> <span class='ocrx_word' id='word_1_39' title='bbox 1193 1276 1383 1365; x_wconf 84' lang='lat' dir='ltr'><strong>provisionis</strong></span> <span class='ocrx_word' id='word_1_40' title='bbox 1402 1274 1526 1343; x_wconf 80' lang='lat' dir='ltr'><strong>intuitu</strong></span> <span class='ocrx_word' id='word_1_41' title='bbox 1545 1280 1674 1343; x_wconf 81' lang='lat' dir='ltr'><strong>auotore</strong></span> 
     </span>
     <span class='ocr_line' id='line_1_6' title="bbox 201 1414 1634 1505; baseline -0.003 -21"><span class='ocrx_word' id='word_1_42' title='bbox 201 1418 331 1486; x_wconf 89' lang='lat' dir='ltr'><strong>domino</strong></span> <span class='ocrx_word' id='word_1_43' title='bbox 346 1422 555 1485; x_wconf 65' lang='lat' dir='ltr'><strong>mundonem</strong></span> <span class='ocrx_word' id='word_1_44' title='bbox 569 1416 762 1500; x_wconf 86' lang='lat' dir='ltr'><strong>ourobimus,</strong></span> <span class='ocrx_word' id='word_1_45' title='bbox 777 1422 810 1486; x_wconf 89' lang='lat' dir='ltr'><strong>et</strong></span> <span class='ocrx_word' id='word_1_46' title='bbox 822 1417 896 1505; x_wconf 83' lang='lat' dir='ltr'><strong>jure</strong></span> <span class='ocrx_word' id='word_1_47' title='bbox 911 1440 968 1486; x_wconf 90' lang='lat' dir='ltr'><strong>suo</strong></span> <span class='ocrx_word' id='word_1_48' title='bbox 983 1439 1056 1484; x_wconf 85' lang='lat' dir='ltr'><strong>enm</strong></span> <span class='ocrx_word' id='word_1_49' title='bbox 1069 1416 1190 1504; x_wconf 84' lang='lat' dir='ltr'><strong>priveri</strong></span> <span class='ocrx_word' id='word_1_50' title='bbox 1203 1414 1390 1483; x_wconf 76' lang='lat' dir='ltr'><strong>nullatenus</strong></span> <span class='ocrx_word' id='word_1_51' title='bbox 1402 1414 1634 1503; x_wconf 72' lang='lat' dir='ltr'><strong>permittemus.</strong></span> 
     </span>
    </p>
   </div>
   <div class='ocr_carea' id='block_1_3' title="bbox 244 1578 1157 1831">
    <p class='ocr_par' dir='ltr' id='par_1_3' title="bbox 244 1578 1157 1831">
     <span class='ocr_line' id='line_1_7' title="bbox 244 1578 884 1663; baseline 0 -14"><span class='ocrx_word' id='word_1_52' title='bbox 244 1580 371 1649; x_wconf 78' lang='lat' dir='ltr'><strong>Datum</strong></span> <span class='ocrx_word' id='word_1_53' title='bbox 385 1579 546 1663; x_wconf 82' lang='lat' dir='ltr'><strong>Hnmom,</strong></span> <span class='ocrx_word' id='word_1_54' title='bbox 561 1578 677 1649; x_wconf 90' lang='lat' dir='ltr'><strong>Idibus</strong></span> <span class='ocrx_word' id='word_1_55' title='bbox 691 1578 884 1649; x_wconf 80' lang='lat' dir='ltr'><strong>Ffobruerii.</strong></span> 
     </span>
     <span class='ocr_line' id='line_1_8' title="bbox 716 1742 1157 1831; baseline -0.007 -19"><span class='ocrx_word' id='word_1_56' title='bbox 716 1742 814 1829; x_wconf 88' lang='lat' dir='ltr'><strong>(Rees</strong></span> <span class='ocrx_word' id='word_1_57' title='bbox 828 1744 911 1811; x_wconf 68' lang='lat' dir='ltr'><strong>Lm.</strong></span> <span class='ocrx_word' id='word_1_58' title='bbox 926 1766 981 1831; x_wconf 89' lang='lat' dir='ltr'><strong>pp.</strong></span> <span class='ocrx_word' id='word_1_59' title='bbox 999 1745 1052 1825; x_wconf 89' lang='lat'><strong>60,</strong></span> <span class='ocrx_word' id='word_1_60' title='bbox 1068 1743 1157 1829; x_wconf 93' lang='grc'>606.)</span> 
     </span>
    </p>
   </div>
   <div class='ocr_carea' id='block_1_4' title="bbox 808 2070 1066 2140">
    <p class='ocr_par' dir='ltr' id='par_1_4' title="bbox 808 2070 1066 2140">
     <span class='ocr_line' id='line_1_9' title="bbox 808 2070 1066 2140; baseline -0.012 0"><span class='ocrx_word' id='word_1_61' title='bbox 808 2070 1066 2140; x_wconf 87' lang='lat' dir='ltr'>DLXXXVII.</span> 
     </span>
    </p>
   </div>
   <div class='ocr_carea' id='block_1_5' title="bbox 200 2192 1674 2717">
    <p class='ocr_par' dir='ltr' id='par_1_5' title="bbox 200 2192 1674 2717">
     <span class='ocr_line' id='line_1_10' title="bbox 200 2192 1673 2316; baseline -0.001 -14"><span class='ocrx_word' id='word_1_62' title='bbox 200 2232 334 2302; x_wconf 79' lang='lat' dir='ltr'><strong>enm</strong></span> <span class='ocrx_word' id='word_1_63' title='bbox 358 2233 418 2302; x_wconf 81' lang='lat' dir='ltr'><strong>or</strong></span> <span class='ocrx_word' id='word_1_64' title='bbox 446 2192 693 2303; x_wconf 70' lang='lat' dir='ltr'><strong>reuocent</strong></span> <span class='ocrx_word' id='word_1_65' title='bbox 720 2232 771 2302; x_wconf 87' lang='lat'><strong>11.</strong></span> <span class='ocrx_word' id='word_1_66' title='bbox 799 2234 858 2302; x_wconf 79' lang='lat' dir='ltr'><strong>uo</strong></span> <span class='ocrx_word' id='word_1_67' title='bbox 885 2234 1119 2316; x_wconf 62' lang='lat' dir='ltr'><strong>wrumru„</strong></span> <span class='ocrx_word' id='word_1_68' title='bbox 1144 2230 1454 2301; x_wconf 76' lang='lat' dir='ltr'><strong>suonemnoe</strong></span> <span class='ocrx_word' id='word_1_69' title='bbox 1479 2232 1540 2301; x_wconf 81' lang='lat' dir='ltr'><strong>or</strong></span> <span class='ocrx_word' id='word_1_70' title='bbox 1562 2231 1673 2301; x_wconf 76' lang='lat' dir='ltr'><strong>oen·</strong></span> 
     </span>
     <span class='ocr_line' id='line_1_11' title="bbox 309 2367 1674 2455; baseline -0.001 -16"><span class='ocrx_word' id='word_1_71' title='bbox 309 2370 552 2455; x_wconf 70' lang='lat' dir='ltr'><strong>rneeuru,</strong></span> <span class='ocrx_word' id='word_1_72' title='bbox 577 2371 876 2441; x_wconf 77' lang='lat' dir='ltr'><strong>essenormo</strong></span> <span class='ocrx_word' id='word_1_73' title='bbox 898 2371 981 2440; x_wconf 81' lang='lat' dir='ltr'><strong>rus</strong></span> <span class='ocrx_word' id='word_1_74' title='bbox 1005 2370 1252 2439; x_wconf 75' lang='lat' dir='ltr'><strong>Armenes</strong></span> <span class='ocrx_word' id='word_1_75' title='bbox 1276 2370 1336 2438; x_wconf 85' lang='lat' dir='ltr'><strong>ro</strong></span> <span class='ocrx_word' id='word_1_76' title='bbox 1360 2369 1459 2438; x_wconf 74' lang='lat' dir='ltr'><strong>run</strong></span> <span class='ocrx_word' id='word_1_77' title='bbox 1483 2367 1674 2438; x_wconf 78' lang='lat' dir='ltr'><strong>orneor</strong></span> 
     </span>
     <span class='ocr_line' id='line_1_12' title="bbox 310 2508 1673 2579; baseline -0.002 -1"><span class='ocrx_word' id='word_1_78' title='bbox 310 2510 369 2578; x_wconf 82' lang='lat' dir='ltr'><strong>or</strong></span> <span class='ocrx_word' id='word_1_79' title='bbox 413 2508 674 2579; x_wconf 70' lang='lat' dir='ltr'><strong>memorre</strong></span> <span class='ocrx_word' id='word_1_80' title='bbox 718 2510 911 2579; x_wconf 82' lang='lat' dir='ltr'><strong>onemo</strong></span> <span class='ocrx_word' id='word_1_81' title='bbox 958 2510 1059 2578; x_wconf 81' lang='lat' dir='ltr'><strong>urm</strong></span> <span class='ocrx_word' id='word_1_82' title='bbox 1110 2508 1337 2577; x_wconf 74' lang='lat' dir='ltr'><strong>nonense</strong></span> <span class='ocrx_word' id='word_1_83' title='bbox 1387 2509 1448 2578; x_wconf 82' lang='lat' dir='ltr'><strong>os</strong></span> <span class='ocrx_word' id='word_1_84' title='bbox 1498 2508 1673 2577; x_wconf 70' lang='lat' dir='ltr'><strong>Bienor</strong></span> 
     </span>
     <span class='ocr_line' id='line_1_13' title="bbox 309 2646 796 2717; baseline 0 -2"><span class='ocrx_word' id='word_1_85' title='bbox 309 2646 516 2716; x_wconf 70' lang='lat' dir='ltr'><strong>nessus</strong></span> <span class='ocrx_word' id='word_1_86' title='bbox 550 2647 713 2717; x_wconf 70' lang='lat' dir='ltr'><strong>osnes.</strong></span> <span class='ocrx_word' id='word_1_87' title='bbox 794 2678 796 2683; x_wconf 93' lang='lat'>-</span> 
     </span>
    </p>
   </div>
   <div class='ocr_carea' id='block_1_6' title="bbox 574 2808 1628 2900">
    <p class='ocr_par' dir='ltr' id='par_1_6' title="bbox 574 2808 1628 2900">
     <span class='ocr_line' id='line_1_14' title="bbox 574 2808 1628 2900; baseline 0.001 -23"><span class='ocrx_word' id='word_1_88' title='bbox 574 2809 724 2899; x_wconf 75' lang='lat' dir='ltr'><strong>[Gomon</strong></span> <span class='ocrx_word' id='word_1_89' title='bbox 740 2810 836 2879; x_wconf 74' lang='lat' dir='ltr'>MSS.</span> <span class='ocrx_word' id='word_1_90' title='bbox 882 2809 1074 2880; x_wconf 79' lang='lat' dir='ltr'><strong>Vrrnnmus</strong></span> <span class='ocrx_word' id='word_1_91' title='bbox 1088 2808 1172 2879; x_wconf 64' lang='lat' dir='ltr'><strong>CX</strong></span> <span class='ocrx_word' id='word_1_92' title='bbox 1188 2810 1213 2877; x_wconf 77' lang='lat' dir='ltr'><strong>f.</strong></span> <span class='ocrx_word' id='word_1_93' title='bbox 1230 2809 1302 2900; x_wconf 84' lang='grc'><strong>37.]</strong></span> <span class='ocrx_word' id='word_1_94' title='bbox 1374 2813 1394 2877; x_wconf 88' lang='lat'>7</span> <span class='ocrx_word' id='word_1_95' title='bbox 1409 2810 1516 2893; x_wconf 69' lang='lat' dir='ltr'><strong>Meu,</strong></span> <span class='ocrx_word' id='word_1_96' title='bbox 1533 2812 1628 2879; x_wconf 74' lang='lat'>1132.</span> 
     </span>
    </p>
   </div>
   <div class='ocr_carea' id='block_1_7' title="bbox 203 2968 1673 3199">
    <p class='ocr_par' dir='ltr' id='par_1_7' title="bbox 203 2968 1673 3199">
     <span class='ocr_line' id='line_1_15' title="bbox 243 2968 1673 3060; baseline 0.002 -23"><span class='ocrx_word' id='word_1_97' title='bbox 243 2968 476 3039; x_wconf 76' lang='lat' dir='ltr'><strong>Iruoonrsrrns</strong></span> <span class='ocrx_word' id='word_1_98' title='bbox 491 2972 656 3060; x_wconf 86' lang='lat' dir='ltr'><strong>episeopus</strong></span> <span class='ocrx_word' id='word_1_99' title='bbox 670 2996 779 3041; x_wconf 85' lang='lat' dir='ltr'><strong>servus</strong></span> <span class='ocrx_word' id='word_1_100' title='bbox 794 2996 957 3041; x_wconf 86' lang='lat' dir='ltr'><strong>servorum</strong></span> <span class='ocrx_word' id='word_1_101' title='bbox 968 2973 1033 3042; x_wconf 90' lang='lat' dir='ltr'><strong>Dei</strong></span> <span class='ocrx_word' id='word_1_102' title='bbox 1047 2972 1224 3041; x_wconf 77' lang='lat' dir='ltr'><strong>venerabili</strong></span> <span class='ocrx_word' id='word_1_103' title='bbox 1237 2972 1331 3040; x_wconf 81' lang='lat' dir='ltr'><strong>imlri</strong></span> <span class='ocrx_word' id='word_1_104' title='bbox 1346 2972 1673 3041; x_wconf 68' lang='lat' dir='ltr'><strong>W.Omruse1nss1</strong></span> 
     </span>
     <span class='ocr_line' id='line_1_16' title="bbox 203 3069 1563 3199; baseline 0.001 -23"><span class='ocrx_word' id='word_1_105' title='bbox 203 3108 445 3197; x_wconf 78' lang='lat' dir='ltr'><strong>emhiepinmpo,</strong></span> <span class='ocrx_word' id='word_1_106' title='bbox 460 3110 631 3197; x_wconf 79' lang='lat' dir='ltr'><strong>apostolius</strong></span> <span class='ocrx_word' id='word_1_107' title='bbox 646 3111 730 3178; x_wconf 88' lang='lat' dir='ltr'><strong>sedis</strong></span> <span class='ocrx_word' id='word_1_108' title='bbox 743 3111 862 3199; x_wconf 80' lang='lat' dir='ltr'><strong>legato,</strong></span> <span class='ocrx_word' id='word_1_109' title='bbox 879 3112 1015 3179; x_wconf 82' lang='lat' dir='ltr'><strong>sulutem</strong></span> <span class='ocrx_word' id='word_1_110' title='bbox 1030 3116 1065 3179; x_wconf 91' lang='lat' dir='ltr'><strong>et</strong></span> <span class='ocrx_word' id='word_1_111' title='bbox 1075 3106 1286 3197; x_wconf 77' lang='lat' dir='ltr'><strong>iupostolioem</strong></span> <span class='ocrx_word' id='word_1_112' title='bbox 1298 3069 1563 3178; x_wconf 76' lang='lat' dir='ltr'><strong>benedictionem.</strong></span> 
     </span>
    </p>
   </div>
   <div class='ocr_carea' id='block_1_8' title="bbox 197 3270 1674 3913">
    <p class='ocr_par' dir='ltr' id='par_1_8' title="bbox 197 3270 1674 3913">
     <span class='ocr_line' id='line_1_17' title="bbox 243 3270 1672 3363; baseline 0.002 -25"><span class='ocrx_word' id='word_1_113' title='bbox 243 3270 393 3339; x_wconf 81' lang='lat' dir='ltr'><strong>Fmtrem</strong></span> <span class='ocrx_word' id='word_1_114' title='bbox 417 3276 564 3339; x_wconf 90' lang='lat' dir='ltr'><strong>nostrum</strong></span> <span class='ocrx_word' id='word_1_115' title='bbox 587 3272 769 3339; x_wconf 67' lang='lat' dir='ltr'><strong>Ueterum</strong></span> <span class='ocrx_word' id='word_1_116' title='bbox 791 3272 1055 3341; x_wconf 73' lang='lat' dir='ltr'><strong>Lsrnuvnusmr</strong></span> <span class='ocrx_word' id='word_1_117' title='bbox 1077 3274 1260 3363; x_wconf 88' lang='lat' dir='ltr'><strong>episoopnm</strong></span> <span class='ocrx_word' id='word_1_118' title='bbox 1283 3274 1319 3341; x_wconf 92' lang='lat' dir='ltr'><strong>in</strong></span> <span class='ocrx_word' id='word_1_119' title='bbox 1343 3296 1437 3341; x_wconf 84' lang='lat' dir='ltr'><strong>oense</strong></span> <span class='ocrx_word' id='word_1_120' title='bbox 1460 3296 1518 3341; x_wconf 84' lang='lat' dir='ltr'><strong>suo</strong></span> <span class='ocrx_word' id='word_1_121' title='bbox 1541 3296 1614 3360; x_wconf 80' lang='lat' dir='ltr'><strong>quse</strong></span> <span class='ocrx_word' id='word_1_122' title='bbox 1637 3274 1672 3341; x_wconf 91' lang='lat' dir='ltr'><strong>in</strong></span> 
     </span>
     <span class='ocr_line' id='line_1_18' title="bbox 200 3409 1674 3499; baseline 0.003 -24"><span class='ocrx_word' id='word_1_123' title='bbox 200 3410 257 3474; x_wconf 85' lang='lat' dir='ltr'><strong>tue</strong></span> <span class='ocrx_word' id='word_1_124' title='bbox 271 3413 305 3476; x_wconf 92' lang='lat' dir='ltr'><strong>et</strong></span> <span class='ocrx_word' id='word_1_125' title='bbox 318 3409 455 3476; x_wconf 87' lang='lat' dir='ltr'><strong>eliorum</strong></span> <span class='ocrx_word' id='word_1_126' title='bbox 470 3411 631 3497; x_wconf 87' lang='lat' dir='ltr'><strong>presentie</strong></span> <span class='ocrx_word' id='word_1_127' title='bbox 650 3410 746 3479; x_wconf 87' lang='lat' dir='ltr'><strong>debet</strong></span> <span class='ocrx_word' id='word_1_128' title='bbox 765 3412 896 3479; x_wconf 67' lang='lat' dir='ltr'><strong>nestori</strong></span> <span class='ocrx_word' id='word_1_129' title='bbox 917 3415 986 3479; x_wconf 84' lang='lat' dir='ltr'><strong>tem</strong></span> <span class='ocrx_word' id='word_1_130' title='bbox 1006 3436 1137 3481; x_wconf 82' lang='lat' dir='ltr'><strong>suorum</strong></span> <span class='ocrx_word' id='word_1_131' title='bbox 1157 3412 1344 3480; x_wconf 84' lang='lat' dir='ltr'><strong>olerioorum</strong></span> <span class='ocrx_word' id='word_1_132' title='bbox 1364 3434 1462 3499; x_wconf 86' lang='lat' dir='ltr'><strong>quem</strong></span> <span class='ocrx_word' id='word_1_133' title='bbox 1483 3417 1517 3480; x_wconf 91' lang='lat' dir='ltr'><strong>et</strong></span> <span class='ocrx_word' id='word_1_134' title='bbox 1536 3412 1674 3479; x_wconf 87' lang='lat' dir='ltr'><strong>eliorum</strong></span> 
     </span>
     <span class='ocr_line' id='line_1_19' title="bbox 201 3544 1674 3637; baseline 0.003 -25"><span class='ocrx_word' id='word_1_135' title='bbox 201 3544 376 3613; x_wconf 81' lang='lat' dir='ltr'><strong>emioorum</strong></span> <span class='ocrx_word' id='word_1_136' title='bbox 401 3568 495 3633; x_wconf 80' lang='lat' dir='ltr'><strong>egere</strong></span> <span class='ocrx_word' id='word_1_137' title='bbox 520 3548 652 3615; x_wconf 90' lang='lat' dir='ltr'><strong>oonsilio</strong></span> <span class='ocrx_word' id='word_1_138' title='bbox 677 3552 710 3615; x_wconf 91' lang='lat' dir='ltr'><strong>et</strong></span> <span class='ocrx_word' id='word_1_139' title='bbox 735 3548 857 3617; x_wconf 75' lang='lat' dir='ltr'><strong>auxilio</strong></span> <span class='ocrx_word' id='word_1_140' title='bbox 882 3571 948 3615; x_wconf 91' lang='lat' dir='ltr'><strong>non</strong></span> <span class='ocrx_word' id='word_1_141' title='bbox 978 3554 1068 3616; x_wconf 82' lang='lat' dir='ltr'><strong>extet</strong></span> <span class='ocrx_word' id='word_1_142' title='bbox 1093 3548 1294 3637; x_wconf 77' lang='lat' dir='ltr'><strong>ambiguum.</strong></span> <span class='ocrx_word' id='word_1_143' title='bbox 1339 3550 1480 3617; x_wconf 90' lang='lat' dir='ltr'><strong>Proinde</strong></span> <span class='ocrx_word' id='word_1_144' title='bbox 1509 3550 1674 3618; x_wconf 88' lang='lat' dir='ltr'><strong>dileetioni</strong></span> 
     </span>
     <span class='ocr_line' id='line_1_20' title="bbox 199 3683 1672 3775; baseline 0.006 -27"><span class='ocrx_word' id='word_1_145' title='bbox 199 3686 265 3749; x_wconf 76' lang='lat' dir='ltr'><strong>tuae</strong></span> <span class='ocrx_word' id='word_1_146' title='bbox 290 3705 348 3770; x_wconf 92' lang='lat' dir='ltr'><strong>per</strong></span> <span class='ocrx_word' id='word_1_147' title='bbox 373 3683 547 3771; x_wconf 76' lang='lat' dir='ltr'><strong>apostoliea</strong></span> <span class='ocrx_word' id='word_1_148' title='bbox 569 3686 687 3773; x_wconf 85' lang='lat' dir='ltr'><strong>seripte</strong></span> <span class='ocrx_word' id='word_1_149' title='bbox 709 3688 902 3754; x_wconf 81' lang='lat' dir='ltr'><strong>mundemus</strong></span> <span class='ocrx_word' id='word_1_150' title='bbox 926 3692 1086 3774; x_wconf 83' lang='lat' dir='ltr'><strong>quotenus</strong></span> <span class='ocrx_word' id='word_1_151' title='bbox 1108 3688 1237 3755; x_wconf 90' lang='lat' dir='ltr'><strong>olerioos</strong></span> <span class='ocrx_word' id='word_1_152' title='bbox 1259 3688 1341 3775; x_wconf 84' lang='lat' dir='ltr'><strong>ejus,</strong></span> <span class='ocrx_word' id='word_1_153' title='bbox 1366 3690 1466 3756; x_wconf 89' lang='lat' dir='ltr'><strong>donee</strong></span> <span class='ocrx_word' id='word_1_154' title='bbox 1489 3712 1584 3757; x_wconf 84' lang='lat' dir='ltr'><strong>eeuse</strong></span> <span class='ocrx_word' id='word_1_155' title='bbox 1607 3689 1672 3757; x_wconf 82' lang='lat' dir='ltr'><strong>fine</strong></span> 
     </span>
     <span class='ocr_line' id='line_1_21' title="bbox 197 3818 1452 3913; baseline 0.005 -27"><span class='ocrx_word' id='word_1_156' title='bbox 197 3818 309 3887; x_wconf 90' lang='lat' dir='ltr'><strong>debito</strong></span> <span class='ocrx_word' id='word_1_157' title='bbox 322 3820 522 3905; x_wconf 85' lang='lat' dir='ltr'><strong>terminetur,</strong></span> <span class='ocrx_word' id='word_1_158' title='bbox 538 3822 574 3889; x_wconf 92' lang='lat' dir='ltr'><strong>in</strong></span> <span class='ocrx_word' id='word_1_159' title='bbox 588 3846 665 3911; x_wconf 89' lang='lat' dir='ltr'><strong>peoo</strong></span> <span class='ocrx_word' id='word_1_160' title='bbox 679 3822 834 3907; x_wconf 85' lang='lat' dir='ltr'><strong>dimittes,</strong></span> <span class='ocrx_word' id='word_1_161' title='bbox 851 3829 884 3891; x_wconf 88' lang='lat' dir='ltr'><strong>et</strong></span> <span class='ocrx_word' id='word_1_162' title='bbox 898 3825 944 3892; x_wconf 88' lang='lat' dir='ltr'><strong>ire</strong></span> <span class='ocrx_word' id='word_1_163' title='bbox 959 3826 1001 3891; x_wconf 82' lang='lat' dir='ltr'><strong>od</strong></span> <span class='ocrx_word' id='word_1_164' title='bbox 1015 3822 1176 3913; x_wconf 86' lang='lat' dir='ltr'><strong>judioium</strong></span> <span class='ocrx_word' id='word_1_165' title='bbox 1190 3848 1257 3893; x_wconf 88' lang='lat' dir='ltr'><strong>non</strong></span> <span class='ocrx_word' id='word_1_166' title='bbox 1272 3827 1452 3913; x_wconf 87' lang='lat' dir='ltr'><strong>oompelles.</strong></span> 
     </span>
    </p>
   </div>
   <div class='ocr_carea' id='block_1_9' title="bbox 242 3981 1156 4237">
    <p class='ocr_par' dir='ltr' id='par_1_9' title="bbox 242 3981 1156 4237">
     <span class='ocr_line' id='line_1_22' title="bbox 242 3981 829 4054; baseline 0.002 -3"><span class='ocrx_word' id='word_1_167' title='bbox 242 3981 368 4052; x_wconf 77' lang='lat' dir='ltr'><strong>Datum</strong></span> <span class='ocrx_word' id='word_1_168' title='bbox 382 3983 572 4053; x_wconf 72' lang='lat' dir='ltr'><strong>Venerem</strong></span> <span class='ocrx_word' id='word_1_169' title='bbox 586 3986 692 4054; x_wconf 91' lang='lat' dir='ltr'><strong>Nonis</strong></span> <span class='ocrx_word' id='word_1_170' title='bbox 706 3986 829 4054; x_wconf 72' lang='lat' dir='ltr'><strong>Martii.</strong></span> 
     </span>
     <span class='ocr_line' id='line_1_23' title="bbox 712 4148 1156 4237; baseline -0.009 -17"><span class='ocrx_word' id='word_1_171' title='bbox 712 4149 809 4234; x_wconf 81' lang='lat' dir='ltr'><strong>(Rees</strong></span> <span class='ocrx_word' id='word_1_172' title='bbox 823 4148 906 4217; x_wconf 70' lang='lat' dir='ltr'><strong>hL.</strong></span> <span class='ocrx_word' id='word_1_173' title='bbox 923 4172 976 4237; x_wconf 90' lang='lat' dir='ltr'><strong>pp.</strong></span> <span class='ocrx_word' id='word_1_174' title='bbox 998 4151 1050 4231; x_wconf 85' lang='lat'><strong>62,</strong></span> <span class='ocrx_word' id='word_1_175' title='bbox 1068 4151 1156 4237; x_wconf 89' lang='grc'>608.)</span> 
     </span>
    </p>
   </div>
   <div class='ocr_carea' id='block_1_10' title="bbox 0 0 2068 5359">
    <p class='ocr_par' dir='ltr' id='par_1_10' title="bbox 0 0 2068 5359">
     <span class='ocr_line' id='line_1_24' title="bbox 0 0 2068 5359; baseline 0 0"><span class='ocrx_word' id='word_1_176' title='bbox 0 0 2068 5359; x_wconf 95' lang='lat' dir='ltr'><strong> </strong></span> 
     </span>
    </p>
   </div>
  </div>
 </body>
</html>
