4125 5359
1615 579 1680 648 231

251 891 457 982 providentis
469 891 682 959 oonstitutum
697 941 706 958 .
721 890 786 960 nisi
800 896 931 980 propter
943 891 1150 962 manifestam
1164 895 1280 964 domus
1293 897 1397 964 vestre
1410 893 1595 963 utilitatem.
1626 895 1725 971 Quod

253 1030 281 1098 si
301 1029 407 1098 iaoere
427 1029 657 1117 presumpserit
675 1052 743 1097 non
764 1032 913 1097 teneatur
933 1033 1111 1098 eonventus
1132 1054 1191 1119 pro
1211 1031 1276 1100 biis
1297 1033 1501 1128 aliquatenm
1521 1033 1721 1120 respondere.

251 1165 397 1234 Lieitum
410 1169 554 1253 preterea
568 1164 611 1231 sit
624 1164 716 1234 vobis
728 1164 765 1232 in
774 1165 878 1234 nausis
887 1166 1026 1254 propriis
1036 1167 1103 1236 sive
1114 1168 1242 1237 eivilem
1252 1169 1319 1239 sive
1329 1169 1529 1238 criminalem
1538 1169 1726 1240 oontiueant

251 1280 453 1391 questionem
466 1303 606 1370 fratrum
621 1306 800 1372 vestrorum
810 1302 1004 1372 testimoniis
1012 1304 1065 1372 uti
1076 1355 1084 1372 .
1096 1328 1138 1373 ne
1152 1329 1211 1395 pro
1225 1305 1354 1374 defeetu
1367 1303 1500 1374 testium
1513 1307 1568 1396 jus
1581 1311 1725 1378 vestrum

252 1441 289 1508 in
309 1442 419 1530 aliquo
440 1441 547 1508 valeet
567 1440 722 1528 deperire.
765 1437 905 1528 Insuper
927 1439 1118 1510 austeritate
1141 1443 1314 1530 apostoliea
1336 1441 1551 1512 inhibemus.
1574 1468 1616 1513 ne
1638 1445 1725 1514 ullus

253 1579 419 1668 episeopus
432 1579 484 1645 vel
498 1577 642 1666 quehbet
655 1579 720 1646 alin
733 1601 869 1666 persona
882 1580 925 1647 sd
939 1538 1069 1648 sirlodos
1085 1581 1137 1648 vel
1151 1587 1327 1650 eonventus
1340 1583 1483 1652 forenses
1496 1605 1553 1651 vos
1571 1583 1618 1652 ire
1641 1634 1650 1650 .
1672 1584 1725 1652 vel

252 1716 375 1806 judieio
389 1715 524 1784 seoulari
540 1717 581 1782 de
603 1720 709 1783 vestra
729 1716 859 1804 propria
879 1715 1061 1786 substantia
1082 1718 1134 1787 vel
1156 1718 1405 1806 possessionibus
1426 1719 1539 1788 vestris
1560 1719 1726 1808 mbjaoere

253 1852 425 1941 oompellat
439 1903 448 1920 .
463 1874 523 1920 neo
542 1853 585 1920 sd
604 1853 717 1922 domos
737 1857 859 1922 vestras
879 1875 975 1924 eausa
995 1854 1125 1924 ordines
1147 1855 1329 1926 eelebrandi
1352 1908 1359 1925 .
1384 1879 1494 1926 seusus
1514 1857 1692 1926 trasmundi
1715 1908 1723 1926 .

252 1990 304 2060 vel
327 1993 504 2059 eonventus
525 1989 651 2079 aliquos
671 1990 818 2078 publioos
842 1992 1039 2060 oonvooandi
1064 2044 1072 2059 .
1099 1991 1209 2062 venire
1233 1998 1399 2082 presumat
1424 2045 1432 2062 .
1459 2017 1519 2062 neo
1543 1995 1726 2084 regularem

252 2129 441 2198 alentionem
455 2128 581 2198 ebbetis
595 2129 694 2196 vestri
706 2128 864 2217 impediet
886 2133 944 2197 out
965 2131 1007 2196 de
1027 2128 1227 2198 instituendo
1249 2129 1301 2197 vel
1322 2132 1515 2198 removendo
1533 2153 1571 2198 eo
1589 2131 1646 2218 qui
1667 2153 1726 2220 pro
1866 2209 1869 2212 ,

252 2271 396 2354 tempore
414 2265 515 2334 fuerit
535 2271 648 2335 oontrn
669 2269 792 2334 statuta
815 2265 1069 2335 Grmamnnsrs
1089 2265 1212 2334 ordinis
1234 2289 1268 2334 se
1291 2267 1494 2354 aliquatenus
1517 2269 1723 2337 intromittat.

252 2402 290 2472 si
302 2425 378 2472 vero
392 2403 557 2492 episeopus
570 2403 607 2470 in
621 2403 716 2491 eujus
729 2403 897 2491 parroebia
910 2404 1026 2472 domus
1039 2407 1145 2472 vestra
1159 2403 1299 2472 fundata
1317 2409 1367 2472 est
1388 2426 1462 2474 eum
1483 2403 1667 2474 humilitate
1688 2429 1726 2476 se

253 2541 424 2610 devotione
439 2561 504 2628 qua
517 2540 668 2609 eonvenit
680 2541 853 2629 requisitus
866 2539 1078 2608 substitutum
1098 2539 1248 2609 abbatem
1265 2539 1453 2610 benedioere
1474 2546 1508 2610 et
1527 2543 1669 2631 elinque
1683 2544 1727 2612 ad

251 2677 392 2747 efficium
405 2677 584 2766 episeopnle
597 2676 762 2765 pertinent
779 2677 872 2747 vobis
891 2676 1037 2746 oonteme
1057 2675 1201 2745 renuerit
1223 2728 1230 2745 .
1253 2677 1380 2746 linitum
1394 2677 1437 2746 sit
1450 2677 1557 2747 eidem
1570 2677 1680 2747 abbati
1695 2679 1723 2747 si

252 2819 363 2883 tamen
377 2817 521 2884 seoerdos
535 2814 636 2884 fuerit
657 2865 666 2881 .
688 2814 834 2904 proprios
853 2813 993 2883 novitios
1012 2812 1202 2882 benedicere
1216 2819 1250 2882 et
1263 2815 1329 2882 slis
1342 2837 1405 2902 que
1419 2817 1462 2884 sd
1477 2817 1617 2885 offioium
1631 2839 1727 2886 mum

252 2951 418 3040 pertinent
431 2975 576 3020 exeruere
592 3003 600 3018 .
615 2957 650 3020 et
662 2950 754 3020 vobis
767 2951 877 3020 onmia
890 2950 932 3019 ob
946 2950 1011 3019 alio
1029 2949 1176 3039 episeopo
1198 2951 1359 3040 percipere
1373 2973 1435 3040 que
1450 2976 1470 3020 s
1484 2957 1589 3022 vestro
1603 2953 1727 3022 brerint
1841 2931 1858 2964 ⁴

253 3086 398 3156 indebite
410 3088 581 3176 denegata.
626 3086 718 3156 Illud
736 3087 911 3168 adioientae
930 3093 970 3158 ut
990 3088 1027 3156 in
1048 3089 1239 3178 reeipiendis
1254 3090 1505 3179 professionibus
1518 3115 1582 3180 que
1595 3115 1616 3160 o
1627 3091 1726 3162 bene·

253 3223 349 3293 dietis
363 3225 417 3293 vel
429 3223 655 3294 benedieendis
670 3224 842 3294 abbatibus
855 3225 1027 3295 exibentur
1042 3278 1050 3295 .
1074 3249 1112 3296 ea
1125 3228 1193 3296 sint
1206 3227 1344 3317 episoopi
1358 3229 1464 3297 forma
1478 3234 1512 3298 et
1525 3229 1727 3318 expressione

253 3362 398 3431 oontenti
413 3413 421 3430 .
437 3385 501 3450 que
514 3361 557 3430 ab
571 3362 696 3451 origine
710 3362 832 3430 ordinis
844 3362 988 3432 noseitur
1001 3365 1153 3433 instituta
1175 3415 1182 3432 .
1203 3369 1243 3434 ut
1263 3365 1382 3434 seilioet
1403 3365 1534 3435 ebbetes
1554 3367 1617 3456 ipsi
1638 3368 1727 3437 salvo

256 3500 371 3568 ordine
384 3521 444 3568 suo
457 3500 602 3588 profiteri
614 3497 781 3568 debeant.
804 3503 839 3568 et
858 3503 971 3568 eontra
991 3504 1114 3596 statuta
1136 3501 1258 3571 ordinis
1278 3503 1329 3570 sui
1350 3503 1475 3571 nullam
1497 3503 1727 3592 professionem

255 3636 361 3705 faeere
382 3637 624 3726 oompellanbrr.
669 3637 735 3706 Pro
756 3637 1047 3707 oonseorationibus
1059 3662 1135 3708 vero
1149 3639 1289 3708 altanrm
1303 3639 1354 3708 vel
1368 3639 1572 3708 eoolesiarum
1586 3641 1653 3709 sive
1667 3663 1726 3729 pro

254 3774 325 3842 oleo
353 3778 463 3843 saneto
491 3775 544 3843 vel
571 3773 717 3863 quolibet
743 3773 953 3861 eealesisetioo
982 3781 1181 3846 santamente
1208 3777 1319 3846 nullus
1345 3801 1365 3846 o
1390 3777 1480 3847 vobis
1505 3777 1565 3847 sub
1590 3778 1727 3848 obtentu

254 3911 494 3980 eonsuetudinis
508 3911 560 3978 vel
574 3911 638 3979 alio
653 3912 750 3980 modo
763 3911 938 4000 quisquam
956 3914 1076 3983 audeat
1094 3918 1283 4004 extorquere
1306 3965 1313 3982 .
1337 3917 1394 3984 sed
1414 3915 1473 3984 hee
1494 3915 1603 3984 omnis
1624 3917 1727 4004 gistis

254 4047 346 4118 vobis
359 4047 525 4136 episeopus
539 4048 725 4117 dioeesanus
738 4048 916 4138 impendet
960 4050 1120 4140 Alioquin
1140 4052 1237 4121 lioest
1255 4052 1346 4122 vobis
1367 4075 1600 4140 quemeumque
1621 4053 1725 4122 malu-

254 4184 344 4254 eritis
365 4184 559 4253 eatbolionm
583 4186 672 4254 adire
697 4186 877 4257 antistitem
901 4239 910 4256 .
935 4188 1076 4277 gratim
1101 4194 1135 4259 et
1159 4189 1417 4260 oommuuionem
1442 4191 1614 4279 apostoliea
1638 4191 1724 4262 sedis

254 4321 430 4392 habentem
443 4322 501 4410 qui
513 4328 624 4392 nostre
636 4322 742 4392 fretus
756 4325 946 4394 austeritate
961 4377 970 4393 .
986 4326 1079 4397 vobis
1096 4327 1183 4415 quod
1203 4327 1385 4415 postulatu
1405 4328 1582 4417 impendat.
1627 4329 1726 4405 Quod

255 4460 388 4530 sisedes
401 4459 562 4529 diooesani
576 4460 715 4550 episoopi
729 4461 814 4532 torte
831 4463 993 4533 meaverit
1012 4463 1145 4534 interim
1165 4467 1275 4535 omnis
1296 4467 1507 4536 eoelesiastioa
1527 4474 1726 4538 seoremsnta

257 4596 422 4684 [a]vioinie
435 4596 590 4685 episeopis
603 4598 745 4687 aoeipere
757 4599 858 4669 libere
874 4604 909 4670 et
929 4599 1049 4690 absque
1070 4603 1321 4672 oonbudiotione
1341 4604 1469 4692 pomitis
1490 4604 1535 4674 sie
1555 4609 1665 4675 tamen
1687 4611 1726 4676 ut

256 4755 299 4801 ex
311 4731 373 4802 hoo
385 4732 422 4800 in
435 4747 598 4822 postemm
611 4735 749 4824 propriis
762 4736 917 4826 episeopis
929 4737 1060 4810 nullum
1075 4739 1295 4829 prejudioium
1316 4745 1496 4832 generetur.
1541 4742 1629 4818 Quis
1649 4768 1726 4816 vero
