4125 5359
1032 909 1228 980 Doooxv.

394 1073 759 1144 OONFIBMATION
794 1073 861 1143 ΒΥ
886 1069 1074 1157 LllISAN,
1100 1071 1190 1141 SON
1219 1073 1280 1141 OF
1308 1072 1522 1156 MORGAN,
1552 1073 1612 1144 ΤΟ
1641 1074 1861 1158 moen,

444 1211 505 1281 OF
534 1211 617 1280 ms
646 1211 881 1280 FATHER'S
911 1210 1100 1280 GRANTS
1131 1211 1187 1280 IN
1217 1210 1317 1279 THE
1347 1211 1515 1281 MARSH
1544 1211 1605 1280 OF
1634 1211 1810 1282 AVENE

976 1374 1148 1464 [Pssmez
1163 1373 1278 1464 MSS·]

434 1538 595 1608 Omnibus
608 1538 726 1607 Banote
743 1539 872 1608 eoelesie
891 1539 968 1606 filiis
988 1538 1189 1627 pmsentibos
1209 1542 1244 1606 et
1264 1537 1385 1606 lutaris
1405 1537 1561 1606 Lamos
1583 1539 1670 1606 illias
1691 1539 1859 1607 Manem

392 1679 539 1748 salutem

433 1825 1662 1897 SdatismeoonoessisseethaooartaoonflrmasseDeoeteooleeieSonote
1679 1826 1858 1895 Menande

386 1963 544 2033 Mnaseas
563 1970 597 2033 et
617 1965 783 2033 monachis
803 1963 925 2033 ibidem
943 1963 1016 2032 Deo
1039 1964 1249 2032 servientibus
1268 1965 1304 2032 in
1322 1965 1528 2034 elemosinam
1542 1969 1646 2032 totam
1659 1969 1857 2053 terramque

381 2103 569 2170 extsnditm
581 2103 767 2191 inlongam
780 2106 815 2170 et
827 2103 933 2169 latum
947 2125 967 2169 a
980 2102 1100 2170 fossato
1115 2100 1234 2168 Senes
1252 2125 1353 2190 usque
1374 2103 1417 2168 ad
1438 2101 1557 2169 fossam
1578 2102 1755 2189 aquariam.
1803 2103 1850 2170 lot

383 2240 461 2308 inde
473 2241 572 2328 juxta
586 2263 658 2308 eam
671 2242 707 2308 in
721 2240 858 2330 longam
872 2246 906 2307 et
922 2241 1027 2307 latam
1048 2261 1149 2326 usqae
1171 2239 1267 2307 Pom·
1288 2239 1475 2306 &amas
1499 2289 1507 2304 .
1530 2261 1630 2325 quam
1650 2243 1743 2326 pater
1764 2261 1854 2308 meus

385 2376 580 2446 Modonnos
601 2378 692 2446 dedit
712 2378 848 2465 prefatis
868 2377 1034 2474 monaohis
1055 2377 1090 2444 in
1116 2377 1322 2445 elemosinam
1346 2398 1404 2463 per
1429 2373 1538 2444 omnia
1563 2375 1647 2444 siout
1671 2381 1760 2444 oarts
1784 2377 1856 2465 ejus

385 2519 531 2583 oseae.
577 2513 625 2581 Et
645 2514 811 2582 solendum
833 2515 920 2601 quod
942 2514 1072 2580 affidavi
1093 2518 1128 2581 et
1150 2535 1245 2600 super
1268 2515 1465 2580 saorosanota
1491 2514 1620 2582 eoolesie
1640 2512 1750 2602 juravi
1771 2517 1857 2602 quod

384 2652 470 2721 hano
491 2652 698 2720 donationem
719 2652 820 2739 patris
840 2652 905 2719 mei
928 2651 1162 2739 prenominatis
1186 2650 1351 2718 monoshis
1376 2651 1590 2719 amantiaabo
1613 2655 1725 2718 eontra
1745 2674 1856 2720 omnes

384 2789 533 2859 homines
545 2789 581 2856 in
594 2794 796 2876 perpetium.
840 2788 888 2855 Et
903 2790 979 2876 qaia
993 2788 1138 2876 sigillum
1152 2809 1262 2855 meum
1275 2809 1402 2854 meeum
1415 2809 1481 2854 non
1494 2785 1595 2856 habui
1611 2839 1618 2854 .
1636 2788 1744 2876 sigillo
1757 2789 1858 2876 petiis

384 2928 451 2995 mei
469 2927 553 2994 hano
574 2931 697 2995 sartam
718 2926 868 3015 sigillavi.
914 2925 994 2993 Hiis
1014 2925 1150 2994 testibus
1175 2976 1183 2991 .
1206 2923 1423 2992 Knanwamo
1447 2924 1624 3012 presbitero
1650 2927 1691 2992 de
1718 2925 1858 2993 Lenos·

384 3086 520 3132 venien
544 3115 552 3131 .
575 3063 711 3132 Onnum
728 3063 880 3132 damn
903 3114 911 3128 .
933 3063 1119 3131 Joavnam
1140 3063 1208 3130 fflio
1230 3061 1333 3129 Hono
1356 3113 1362 3128 .
1388 3061 1539 3130 omns
1559 3061 1649 3130 Do..
1672 3061 1857 3130 Imaum

385 3202 453 3271 lilio
473 3202 640 3271 (imarum
662 3253 669 3267 .
692 3201 867 3268 Mosomo
886 3201 954 3269 lilio
974 3200 1141 3269 (inerms
1168 3251 1174 3266 .
1200 3200 1343 3270 wnuau
1364 3199 1433 3266 filio
1451 3198 1625 3266 Meoaton
1647 3251 1655 3266 .
1678 3199 1773 3267 wes
1793 3201 1859 3268 lilio

386 3340 553 3409 Gnatam.

430 3489 634 3558 Entitled-‘
645 3489 743 3558 Carta
765 3488 973 3557 oonoeseionis
991 3487 1112 3556 Ieisan
1129 3489 1170 3556 de
1191 3487 1418 3556 donationibus
1437 3487 1538 3574 paliis
1552 3487 1603 3554 sui
1617 3487 1652 3553 in
1666 3487 1803 3555 masisoo
1816 3489 1857 3554 de

387 3627 502 3697 Avene
519 3652 527 3694 :
544 3628 613 3696 sine
626 3627 777 3697 redditn’

1017 3859 1233 3932 DOOOXVI.

414 4025 579 4098 anm
615 4027 683 4096 ΒΥ
718 4025 905 4108 Lam,
942 4023 1032 4094 soN
1069 4025 1129 4094 OF
1165 4023 1378 4105 MORGAN,
1416 4023 1475 4092 ῬΟ
1512 4023 1734 4108 mosas,
1772 4025 1833 4094 OF

877 4163 1168 4234 GUMBOLDES
1202 4161 1371 4232 WILLE.

969 4325 1143 4414 [Paneion
1165 4325 1279 4415 MSS]

433 4489 546 4559 Soiont
563 4511 675 4558 omnes
695 4511 727 4576 p.
750 4491 785 4556 et
804 4488 830 4554 f.
853 4489 941 4577 quod
962 4510 1023 4577 ego
1045 4485 1219 4556 Iamsesos
1240 4489 1326 4556 filius
1345 4487 1514 4556 idoneam
1538 4491 1614 4559 dedi
1635 4497 1669 4560 et
1690 4491 1750 4560 hoo
1771 4499 1857 4562 sara

389 4627 578 4698 oonlirmavi
591 4627 663 4695 Dw
678 4631 712 4695 et
725 4625 856 4694 eoolesie
870 4625 988 4694 Sanote
1002 4626 1125 4693 Masis
1140 4629 1181 4694 de
1195 4625 1349 4694 Minoes
1372 4675 1380 4692 .
1403 4633 1438 4696 et
1458 4627 1624 4696 moneohis
1645 4628 1767 4698 ibidem
1787 4630 1858 4698 Deo

390 4764 605 4837 servientibus
617 4764 654 4833 in
667 4786 785 4852 puram
798 4769 832 4832 et
845 4769 1035 4852 perpetuam
1050 4765 1283 4832 elemosinam.
1307 4787 1348 4833 υ.
1371 4787 1460 4834 aoros
1480 4770 1565 4835 tens
1586 4767 1630 4834 od
1652 4765 1858 4836 sensenna
